1435 2400
499 81 694 122 PERSA.
725 83 800 124 IV.
830 84 869 122 3.
1158 90 1234 129 341

353 234 539 275 ACTUS
568 235 644 275 IV.
699 235 885 275 SCENA
914 236 997 276 III.

408 342 683 380 DoRDALUS.
729 342 950 383 Toxnms.

121 454 248 493 Dord.
278 450 384 499 Quoi
403 449 552 488 homini
573 449 643 487 Dii
664 449 817 502 propitii
840 458 943 501 sunt,
969 451 1115 503 aliquid
1137 453 1237 504 obji-

283 506 388 543 ciunt
405 504 514 542 lucri.

122 561 230 600 Nam
243 572 314 610 ego
330 557 443 596 hodie
459 556 661 606 compendi
675 555 746 595 feci
763 557 872 596 binos
890 571 1007 610 panoe
1024 559 1066 597 in
1084 560 1186 605 dies3

120 615 197 664 Im,
221 613 358 652 ancilla
383 624 468 649 mffl
489 623 576 662 quae
599 610 673 648 fuit
691 610 817 660 hodie,
837 625 907 650 sua
933 624 1036 651 nunc
1063 622 1141 652 est:
1173 627 1234 652 ar-

276 673 390 717 gento
407 665 496 703 vicit
512 678 523 701 ι

115 723 147 761 J
149 733 212 759 am
229 720 343 758 hodie
360 718 528 756 alienum
547 717 708 756 coenabit
726 731 739 764 3
765 717 863 756 nihil
880 720 1049 770 gustabit
1067 720 1114 758 de
1131 733 1231 760 meo.

115 776 262 815 Sumne
278 773 450 825 probus?
479 784 568 810 sum
585 770 736 822 lepidus
755 771 862 820 civis,
882 773 951 824 qui
967 774 1142 812 Atticam
1160 774 1231 812 ho-

275 827 336 865 die
350 826 540 864 civitatem
1201 830 1227 865 5

114 883 348 921 Maxumam
367 880 552 928 majorem
571 877 656 925 feci,
677 885 792 930 atque
809 879 902 917 auxi
919 879 990 918 civi
1008 880 1153 919 femin&
1164 882 1183 918 ἱ)

113 935 190 975 Sed
206 943 250 973 ut
268 942 305 972 et
323 946 394 984 ego
411 932 524 970 hodie
541 931 598 970 fui
615 931 804 983 benignus
822 933 832 971 !
862 940 907 971 ut
922 947 991 984 ego
1003 935 1135 974 multis
1149 948 1228 974 cre-

272 987 376 1025 didi!

112 1044 153 1082 N
156 1055 196 1081 ec
224 1041 313 1080 satis
340 1053 363 1078 a
390 1041 578 1092 quiquam
604 1038 759 1078 homine
785 1039 938 1092 accepi:
972 1040 1026 1079 ita
1051 1054 1227 1093 prorsum

269 1094 470 1133 credebam
488 1093 678 1131 omnibus.

110 1150 193 1189 Nec
216 1157 361 1195 metuo,
390 1147 530 1199 quibus
557 1146 698 1185 credidi
723 1146 850 1196 hodie,
879 1159 928 1186 ne
952 1148 1037 1200 quis
1063 1150 1160 1188 mihi
1186 1150 1227 1188 in

266 1204 352 1252 jure
369 1200 583 1250 abjurassit.

109 1260 244 1298 Bonus
262 1256 348 1294 volo
369 1257 452 1305 jam
477 1268 525 1293 ex
545 1253 618 1292 hoc
643 1253 705 1293 die
733 1267 837 1300 esse3
867 1255 970 1306 quod
994 1267 1118 1308 neque
1143 1257 1223 1305 fiet,

264 1322 388 1360 neque
405 1308 492 1346 fuit.
1175 1313 1224 1350 10

115 1367 212 1404 Tox.
231 1364 352 1401 Hunc
371 1374 440 1413 ego
457 1362 654 1400 hominem
667 1361 779 1401 hodie
791 1361 832 1400 in
844 1370 1087 1402 transennam
1105 1365 1226 1404 doctis

268 1416 408 1454 ducam
426 1416 546 1463 dolis3

106 1473 246 1524 Itaque
261 1470 352 1508 huic
374 1469 521 1508 insidiae
542 1476 684 1521 paratae
708 1477 800 1508 sunt
823 1471 952 1522 probe.
1006 1471 1223 1524 Aggrediar

266 1537 405 1562 virum.

105 1579 215 1629 Quid
231 1578 312 1630 agis
329 1579 346 1616 ?

266 1632 393 1670 Dord.
419 1630 555 1670 Credo.

395 1686 487 1724 Toae.
515 1684 631 1724 Unde
649 1685 731 1737 agis
750 1692 801 1734 te,
817 1684 988 1725 Dordale
1002 1688 1021 1725 ἓ

833 1740 962 1778 Dord.
993 1739 1116 1779 Credo
1134 1741 1217 1780 tibi.

109 1796 206 1833 Tooe.
235 1791 306 1830 Dii
340 1791 444 1841 dent,
475 1806 562 1844 quae
589 1792 695 1831 velis.
752 1791 867 1831 Eho!
906 1805 956 1831 an
983 1794 1067 1844 jam
1098 1807 1217 1833 manu

264 1845 421 1884 emisisti
438 1846 637 1884 mulierem
650 1849 668 1884 ?

105 1901 232 1940 Dord.
261 1899 385 1939 Credo
403 1899 518 1950 (pol),
539 1899 662 1947 credo,
681 1900 856 1951 inquam,
876 1900 958 1939 tibi.

467 1953 563 1991 Tox.
592 1953 620 1991 J
623 1966 686 1991 am
702 1954 839 1992 libert&
857 1961 990 1992 auctus
1007 1967 1046 1992 es
1057 1954 1076 1991 ?

825 2009 951 2046 Dord.
981 2008 1136 2046 Enicas.
1168 2009 1217 2045 15

102 2063 211 2113 Quin
228 2061 300 2101 tibi
318 2073 380 2099 me
397 2059 481 2098 dico
500 2059 659 2098 credere.

428 2115 528 2152 Toac.
554 2113 631 2153 Dic
646 2115 749 2154 bona
765 2115 864 2154 fide:
891 2115 974 2163 jam
993 2113 1113 2152 libera
1133 2115 1180 2152 ’st
1194 2117 1212 2153 ἓ

934 2168 959 2204 2
982 2178 1007 2204 G
1028 2167 1054 2204 3
