1435 2400
182 89 233 127 62
513 88 796 129 EPIDICUS.
824 88 972 128 11L3

667 199 724 234 Pe
727 197 829 246 riph.
858 196 960 234 Cave
978 193 1062 233 siris
1081 205 1167 232 cum
1186 191 1266 230 filia

180 247 276 287 Mea
295 248 461 300 copulari
478 250 592 296 hanc,
611 261 735 301 neque
753 249 974 300 conspicere.
1033 248 1058 286 J
1064 260 1126 284 am
1146 245 1275 284 tenes?

184 303 231 339 In
251 303 449 340 aedieulam
467 303 587 341 istanc
608 315 775 340 seorsum
796 302 970 340 concludi
987 300 1085 339 volo.
1240 297 1286 335 21

183 354 393 394 Divortunt
410 368 532 394 mores
550 355 686 406 virgini
704 356 818 405 longe
836 368 879 393 ac
895 355 1009 405 lupae.

181 410 315 458 Apoec.
342 409 465 447 Docte
484 417 520 447 et
538 410 640 460 sapie
622 416 724 446 nter
742 408 848 468 dicis:
900 409 941 446 N
944 419 992 446 on
1012 406 1126 446 nimis
1143 410 1266 458 potest

183 462 412 499 Pudicitiam
432 463 517 522 quis
537 476 613 500 suae
633 475 712 500 serv
715 473 777 499 are

181 514 345 565 Edepol,
365 527 424 553 nae
441 516 552 553 istam
571 523 739 565 ternpore
757 521 872 565 gnato
890 520 957 552 tuo
1238 512 1290 548 25

182 568 326 606 Sumus
343 568 586 619 praemercati.

450 624 610 672 Periplc.
641 621 778 668 Quid
764 633 872 670 jam.
862 623 880 648 'r‘

767 675 804 711 A
804 687 900 723 poec
929 672 1034 720 Quia
1051 672 1150 710 dixit
1166 670 1264 709 mihi

182 726 211 765 J
215 727 427 765 'imdudum
445 740 484 766 se
502 728 598 766 alius
617 735 727 766 tuum
747 727 885 765 vidisse
901 726 966 764 hic
983 726 1119 763 filium.

184 781 347 831 Periplz.
377 781 490 819 Hanc
512 781 680 832 (edepol)
701 793 781 818 rem
800 781 1018 830 apparabat.

478 836 610 884 Apoee.
640 835 760 872 Plane
781 832 952 884 (hercle)
974 833 1045 870 hoc
1064 830 1245 892 quidem'
1248 837 1293 868 st.

184 886 276 932 Nae
293 894 334 923 tu
349 887 465 925 habes
484 900 634 925 servum
653 887 891 938 graphicum,
909 894 945 923 et
960 884 1149 936 quantivis
1167 883 1290 935 preti!

184 940 274 977 Non
290 952 377 977 caru
381 941 428 977 'st
442 953 532 977 auro
552 948 692 978 contra.
751 939 807 977 Ut
825 939 889 975 ille
904 939 1095 976 fidicinam
1242 937 1294 974 30

184 992 290 1030 Fecit
308 994 446 1030 nescire
464 1005 628 1043 prorsus
648 1005 688 1030 se
708 1005 786 1030 esse
805 999 944 1029 emtam
964 992 1058 1029 tibi!

186 1045 248 1083 Ita
266 1046 508 1083 ridibundam
528 1054 642 1096 atque
659 1046 821 1082 hilaram
839 1044 916 1082 huc
935 1044 1098 1082 adduxit
1115 1043 1243 1082 simul.

183 1100 349 1148 Periplz.
377 1099 542 1147 Mirum,
561 1099 633 1136 hoc
650 1111 719 1150 qux
737 1098 862 1147 potuit
878 1097 984 1135 fieri.
975 1098 984 1122 '

890 1152 927 1188 A
926 1164 1022 1200 paec·
1051 1150 1111 1189 Te
1129 1162 1199 1202 pro
1217 1148 1297 1187 filio

184 1204 390 1242 Facturum
410 1204 509 1242 dixit
525 1217 606 1242 rem
625 1218 704 1243 esse
721 1204 890 1242 divinam
908 1204 1027 1252 domi,

186 1257 291 1304 Quia
311 1257 457 1296 Thebis
475 1258 602 1296 salvus
620 1259 782 1296 redierit.

639 1313 804 1361 Periph.
830 1312 948 1349 Recte
965 1309 1118 1348 institit.
1243 1310 1295 1347 35

184 1365 221 1401 A
224 1377 317 1414 [περ.
346 1364 488 1410 Immo,
507 1364 613 1415 ipsus
630 1365 687 1402 iffi
705 1365 817 1411 dixit,
837 1364 1060 1402 conductam
1079 1376 1158 1401 esse
1175 1375 1273 1410 eam,

185 1417 286 1463 Quae
303 1417 367 1454 hic
385 1417 661 1456 administraret
680 1417 728 1454 ad
745 1430 826 1455 rem
846 1417 1015 1454 divinam
1034 1416 1115 1454 tibi.

183 1470 270 1520 Ego
288 1470 365 1507 illic
384 1483 447 1507 me
465 1478 593 1508 autem
612 1471 664 1508 sic
682 1471 952 1507 assimulabam
971 1469 1079 1520 quasi

185 1522 391 1571 Stolidum,
410 1535 530 1574 quom
547 1524 712 1562 bardum
730 1535 792 1560 me
810 1522 1006 1560 faciebam.

750 1577 913 1625 Periph.
943 1576 1087 1622 Immo,
1105 1575 1160 1613 ita
1178 1574 1295 1613 decet.

183 1629 316 1678 Apoec.
345 1629 424 1666 Res
464 1640 606 1679 magna
638 1628 750 1667 amici
780 1629 883 1680 apud
912 1629 1038 1667 forum
1076 1628 1226 1679 agitur:
1262 1628 1297 1666 ei

342 1682 428 1719 volo
1242 1682 1294 1718 40

183 1734 247 1772 Ire
266 1734 480 1773 advocatus.

537 1789 701 1838 Periph.
731 1789 805 1836 At,
824 1801 966 1840 quaeso,
986 1787 1054 1826 ubi
1072 1788 1142 1826 erit
1157 1788 1296 1837 otium,

181 1840 388 1879 Revortere
405 1841 455 1878 ad
473 1853 536 1879 me
554 1842 760 1893 extemplo.

759 1895 893 1945 Apoee.
925 1895 1118 1933 Continuo
1135 1894 1201 1932 hic
1219 1906 1296 1932 ero.

183 1948 348 1996 Periph.
378 1947 490 1985 Nihil
506 1947 653 1985 homini
672 1947 795 1986 amico
814 1957 868 1986 est
882 1955 1095 1999 opportuno
1110 1947 1293 1985 amicius:

182 2000 273 2037 Sine
294 2008 360 2038 tuo
380 2001 524 2049 labore,
544 2002 647 2052 quod
665 2001 773 2050 velis,
793 2009 918 2039 actum
939 2008 994 2039 est
1011 2009 1151 2039 tamen.

182 2052 270 2103 Ego
289 2054 320 2091 si
339 2054 563 2104 allegassem
581 2054 750 2105 aliquem
768 2055 818 2092 ad
835 2055 907 2093 hoc
924 2054 1117 2105 negotium
1208 2077 1211 2078 ν
1241 2053 1293 2090 45

183 2105 320 2144 Minus
353 2107 549 2146 hominem
577 2107 746 2156 doctum,
779 2108 984 2158 minusque
1007 2107 1056 2146 ad
1085 2107 1186 2145 hanc
1202 2118 1296 2144 rem

348 2160 543 2207 callidum,
