1435 2400
217 95 267 130 52
551 93 833 134 EPIDICUS.
855 94 915 134 ΙΙ.
941 95 979 132 2.

217 198 343 236 Arma
360 199 539 249 referunt,
559 208 595 239 et
609 202 784 250 jumenta
801 201 959 239 ducunt.
1005 224 1009 227 -

620 255 784 304 Periph.
813 254 942 292 Nimis
959 253 1100 291 factum
1115 254 1234 292 bene!
1266 256 1317 291 25

217 305 336 354 Epid.
358 305 463 343 Tum
482 306 716 356 captivorum
735 307 828 358 quid
839 307 982 344 ducunt
993 319 1145 344 secum.
1137 307 1145 332 ⁸
1168 319 1317 358 pueros,

373 358 549 409 virgines,

215 410 349 457 Binos,
370 418 515 450 ternos:
537 413 633 451 alius
651 413 843 464 quinque.
865 412 908 449 fit
926 424 1125 451 concursus
1142 425 1209 463 per
1227 412 1318 450 vias.

215 462 332 501 Filios
350 476 436 502 suos
454 466 613 517 quisque
631 467 767 504 visunt.

568 520 731 568 Periph.
761 519 914 565 Hercle,
934 531 1015 556 rem
1031 526 1174 569 gestam
1192 519 1288 555 bene
1303 517 1315 554 !

215 570 333 618 Epzd.
366 570 471 608 Tum
493 572 732 610 meretricum
756 584 936 609 numerus
963 579 1104 620 tantus,
1128 580 1316 622 quantum

372 623 412 661 in
431 626 524 662 urbe
541 625 645 662 omni
663 625 749 670 fuit,

216 674 382 714 Obviam
410 685 549 715 ornatae
576 679 819 715 occurrebant
846 677 922 715 suis
949 690 1110 728 quaeque
1141 676 1320 714 amatori-

372 731 469 768 bus:
1264 730 1316 766 30

213 780 292 819 Eos
311 785 524 834 captabant.
581 783 629 821 Id
648 783 740 821 adeo
759 783 828 834 qui
849 795 1031 821 maxume
1055 783 1227 821 animum
1252 781 1318 819 ad-

376 837 566 883 verterim,

214 887 411 938 Pleraeque
429 889 488 926 hae
507 891 577 928 sub
596 889 827 927 vestimentis
846 901 973 927 secum
991 890 1181 927 habebant
1199 887 1303 925 retia.

213 939 344 986 Quom
364 941 412 978 ad
430 950 583 992 portum
603 943 725 990 venio,
750 953 864 993 atque
890 955 958 994 ego
980 942 1086 980 illam
1111 941 1189 979 illic
1211 941 1318 979 video

371 995 619 1044 praestolarier
631 1009 641 1031 z

211 1045 266 1083 Et
285 1058 374 1084 cum
394 1047 437 1084 ea
457 1047 618 1086 tibicinae
637 1047 744 1086 ibant
762 1055 935 1098 quatuor.

728 1102 891 1150 Periph.
922 1100 1106 1149 Quicum,
1126 1099 1285 1149 Epidice
1298 1102 1317 1137 Ρ

212 1153 328 1201 Epid.
360 1153 460 1190 Cum
473 1151 551 1200 illa,
568 1166 684 1204 quam
700 1161 789 1192 tuus
803 1160 940 1204 gnatus
959 1166 1076 1192 annos
1093 1154 1234 1191 multos
1252 1153 1317 1190 de-

369 1214 485 1254 amat,
506 1207 672 1257 deperit3
1259 1207 1311 1242 35

210 1257 290 1295 Ubi
309 1258 512 1349 fideltplssue,
535 1272 705 1310 remque,
734 1272 862 1311 seque,
885 1267 1011 1311 teque,
1038 1266 1212 1310 properat
1233 1271 1317 1310 per-

211 1364 272 1401 Ea
288 1365 575 1415 praestolabatur
593 1365 703 1403 illum
722 1366 825 1416 apud
842 1372 1005 1416 portam.

710 1420 877 1468 Periph.
906 1417 1063 1457 Vide'n’
1084 1418 1286 1456 veneficam
1299 1418 1317 1454 ?

212 1470 332 1519 Epid.
352 1470 426 1508 Sed
445 1470 592 1517 vestita,
612 1479 757 1519 aurata,
773 1478 918 1519 ornata,
938 1481 982 1508 ut
999 1470 1148 1520 lepide!
1170 1479 1214 1509 ut
1231 1483 1319 1508 con-

370 1523 504 1560 cinne!
535 1531 578 1561 ut
600 1524 718 1561 nove!

210 1576 374 1625 Periph.
402 1576 511 1623 Quid
529 1583 607 1613 erat
623 1576 784 1615 induta?
812 1589 861 1614 an
883 1577 1056 1627 rQillam
1078 1576 1313 1625 induculam,

366 1641 415 1666 an
432 1629 702 1678 mendiculam,
1258 1630 1311 1668 39

210 1681 486 1731 Impluviatam
501 1684 518 1720 Ρ
547 1690 590 1719 ut
608 1682 689 1720 istae
706 1683 850 1721 faciunt
867 1683 1098 1721 vestimentis
1115 1681 1282 1720 nomina„

209 1736 328 1783 Epid.
357 1734 466 1772 Utin'
486 1735 717 1786 impluvium
735 1736 870 1773 induta
888 1743 947 1774 eat
959 1736 977 1772 ’ἓ

602 1790 768 1838 Periph.
796 1789 904 1836 Quid
921 1789 1018 1827 istuc
1036 1796 1092 1827 est
1109 1789 1282 1827 mirabile
1294 1789 1312 1826 ’ἰ

209 1840 333 1887 Quasi
351 1853 427 1878 non
445 1841 573 1879 fundis
591 1850 778 1880 exornatae
796 1843 928 1880 multae
945 1842 1120 1880 incedant
1136 1855 1203 1893 per
1220 1842 1312 1880 vias.

208 1895 267 1930 At
285 1894 447 1931 tributus
462 1907 578 1945 quom
589 1894 789 1945 imperatu'
793 1902 839 1942 st,
857 1903 997 1945 negant
1014 1895 1129 1946 pendi
1145 1902 1308 1945 potesse:

208 1946 307 1993 Illis,
329 1948 466 1997 quibus
484 1947 648 1985 tributus
665 1949 787 1996 major
803 1948 993 1998 penditur,
1014 1948 1129 2008 pendi
1143 1955 1275 1998 potest.

208 1999 315 2047 Quid
343 2000 438 2046 istae,
472 2014 558 2051 quae
586 2001 678 2038 vesti
703 2001 904 2052 quotannis
932 2001 1086 2038 nomina
1113 2000 1311 2038 inveniunt

364 2065 485 2090 nova·
1256 2055 1308 2089 45

206 2105 397 2147 Tunicam
418 2105 567 2156 rallam,
594 2106 762 2145 tunicam
784 2107 958 2159 spissam,
984 2105 1182 2146 linteolum
1204 2106 1308 2144 caesi-

366 2158 483 2208 cium,
