1435 2400
224 75 301 112 252
420 73 598 113 MILES
629 73 960 112 GLORIOSUS.
988 73 1065 113 IV.
1098 74 1136 117 7.

225 180 290 218 Ne
314 186 356 218 tu
379 180 513 218 mirere
535 180 623 230 plus
647 179 856 218 mulierem.
912 179 987 218 Sed
1014 179 1107 230 quid
1136 179 1214 218 volt
1241 177 1329 217 med

433 246 491 271 ere
502 233 520 269 ’ἓ

225 287 282 324 M
282 287 373 336 ilph.
383 246 459 324 διξὰ
477 286 542 324 sed
561 300 645 325 eas:
668 294 791 325 tecum
807 285 929 324 vivere
943 285 1036 333 volt,
1055 292 1169 336 atque
1184 291 1332 323 aetatem

384 352 404 378 e
436 340 443 347 “
474 353 544 377 ere.
1277 339 1329 375 60

225 395 356 442 Pyrg.
386 353 511 444 Effin’
535 393 583 430 ad
610 393 715 430 issam
740 405 839 439 eam,
867 405 953 443 quae
974 398 1097 442 nupta
1122 391 1202 429 sit?
1257 390 1330 428 Vir

383 448 463 496 ejus
481 453 537 484 est
554 446 790 484 metuendus.

226 501 375 550 Milph.
403 499 524 548 Quin,
545 499 612 536 tuit
630 499 758 544 causa,
779 498 903 547 exegit
921 496 1046 534 virum
1066 510 1088 534 a
1106 510 1155 535 se.

577 553 706 600 Pyrg.
735 551 840 594 Quid
851 551 868 586 ?
897 551 964 601 qui
984 549 1023 586 id
1038 549 1158 589 facere
1174 549 1299 601 potuit
1312 551 1330 587 Ρ

225 608 282 644 M
283 607 375 657 ilph.
403 604 508 653 Quia
525 604 621 642 aedes
640 604 782 642 dotales
799 604 915 653 hujus
934 609 1036 641 sunt.

436 660 566 708 Pyrg.
599 657 707 694 Itane
721 660 738 695 t>

622 711 771 760 Milph.
799 710 874 757 Ita,
894 711 971 761 pol.

703 766 834 812 Pyrg.
862 764 889 801 J
894 765 967 801 ube
986 776 1069 801 eam
1088 762 1247 801 domum
1267 762 1334 800 ire.

223 820 252 858 J
254 832 316 857 am
335 831 403 869 ego
421 817 499 856 illic
517 829 591 854 ero.

548 869 698 918 Milph.
726 869 827 907 Vide
845 881 892 907 ne
911 870 961 907 sis
980 870 1019 906 in
1038 868 1327 921 exspectatione,

227 927 289 965 Ne
307 926 414 963 illam
433 923 552 962 animi
570 921 768 960 excrucies.

437 979 568 1025 Pyt-g.
598 976 689 1013 Non
709 987 783 1023 ero,
803 975 981 1024 profecto.
1035 975 1166 1013 Abite.

892 1029 1041 1078 Milph.
1069 1027 1251 1066 Abimus.
1278 1028 1329 1065 65

225 1086 355 1133 Pyrg.
384 1082 459 1122 Sed
477 1081 571 1132 quid
590 1094 658 1132 ego
677 1080 814 1119 video?

436 1136 528 1173 Pal.
559 1135 666 1181 Quid
686 1134 816 1172 vides?

595 1190 722 1237 Pyrg.
752 1188 793 1225 N
794 1187 1012 1240 eseia-quis,
1031 1200 1174 1235 eccum,
1193 1186 1332 1225 incedit

224 1243 377 1282 Ornatu
395 1240 549 1293 quidem
568 1241 775 1279 thalassico.

640 1296 730 1332 Pal.
763 1294 793 1332 J
795 1306 857 1331 am
876 1307 944 1333 nos
963 1296 1041 1333 volt
1058 1295 1120 1333 hic
1137 1294 1327 1346 profecto:

224 1351 266 1388 N
267 1348 435 1388 ancletus
454 1355 508 1386 est
525 1347 587 1386 hic
605 1348 772 1399 quidem.

422 1403 553 1450 Pyrg.
582 1400 769 1440 Videlicet
786 1401 937 1439 arcessit
953 1402 1052 1440 hanc
1069 1401 1170 1440 hinc.

1070 1456 1162 1493 Pal.
1192 1455 1330 1497 Credo.

447 1615 631 1653 ACTUS
661 1615 736 1653 IV.
792 1613 975 1652 SCENA
1002 1615 1103 1653 VII.

240 1722 512 1759 Pnnusmss.
550 1721 842 1758 PALffis'rmo.
881 1721 1311 1759 PYRGoPoLINICEs.

220 1829 353 1866 Pleas.
380 1826 518 1864 Alium
537 1826 611 1864 alio
628 1833 737 1877 pacto
755 1835 909 1877 propter
926 1840 1093 1865 amorem
1111 1827 1152 1864 ni
1170 1827 1285 1866 sciam

217 1881 365 1919 Fecisse
381 1879 505 1917 multa
523 1880 707 1930 nequiter,
728 1893 853 1918 verear
869 1880 1004 1930 magis,

216 1933 300 1980 Me,
322 1932 458 1970 amoris
477 1932 600 1978 causa,
619 1932 690 1971 hoc
708 1941 841 1970 ornatu
860 1934 1040 1972 incedere.

215 1987 378 2033 Verum,
399 1997 516 2036 quom
534 1986 674 2023 multos
690 1988 813 2023 multa
829 1987 990 2024 admisse
1007 1987 1214 2037 acceperim

215 2039 434 2086 Inhonesta,
455 2046 607 2089 propter
625 2051 807 2086 amorem,
827 2047 941 2090 atque
959 2040 1080 2078 aliena
1097 2053 1120 2077 a
1137 2040 1269 2086 bonis;
1291 2043 1316 2078 5

213 2092 354 2141 (Mitto
367 2093 463 2141 jam,
483 2099 527 2129 ut
544 2091 660 2130 occidi
677 2092 849 2130 Achilles
867 2093 979 2131 civeis
994 2106 1125 2144 passus
1143 2093 1238 2144 aet).
1253 2120 1263 2131 .
1275 2121 1286 2131 .
1300 2121 1314 2133 .

213 2144 288 2183 Sed
307 2157 436 2183 eccum
456 2145 736 2183 Palaestrionem
754 2159 765 2189 ;
797 2154 869 2183 stat
887 2159 974 2184 cum
995 2146 1123 2184 Milite
