1435 2400
193 69 246 109 38
515 69 820 110 CURCULIO.
850 69 902 108 V.
934 69 974 107 3.

626 178 722 228 Cap.
748 176 814 214 Ad
833 175 1055 227 trapezitam
1073 187 1218 225 meum,
1250 175 1304 214 43

193 228 262 267 Ad
279 237 501 280 praetorem:
530 241 621 268 nam
643 231 732 268 inde
758 243 839 268 rem
866 229 969 268 solvo
995 229 1187 278 omnibus,
1216 231 1304 281 qui-

355 285 427 321 bus
445 283 573 322 debeo.

202 337 317 374 Ther.
345 336 431 387 Ego
453 344 489 374 te
511 337 550 373 in
577 349 750 384 nervum,
775 335 878 374 haud
901 335 950 374 ad
974 342 1188 386 praetorem‚
1214 335 1304 376 hinc

354 389 514 440 rapiam,
535 389 575 426 ni
590 399 787 441 argentum
807 389 935 428 refers.
1254 391 1306 428 45

200 443 295 493 Cap.
323 442 411 493 Ego
429 450 466 481 te
484 443 724 481 vehementer
741 443 862 495 perire
879 442 1006 494 cupio,
1032 454 1080 480 ne
1097 450 1141 481 tu
1158 455 1221 482 me
1239 455 1304 482 ne-

356 509 458 534 selas.

204 550 319 588 Ther.
348 549 457 587 Itane
475 562 561 587 vero
578 551 595 587 ?

360 604 456 653 Cap.
485 603 548 640 Ita
563 600 735 652 (hercle)
752 615 852 640 vero.

578 656 694 693 Ther.
722 656 826 694 Novi
845 668 913 707 ego
931 656 1001 694 hos
1019 668 1168 708 pugnos
1189 669 1304 696 meos.

202 711 298 760 Cap.
326 708 434 758 Quid
453 716 536 747 tum
551 711 569 747 Ρ

596 763 712 800 ΤῘιεν.
739 762 846 810 Quid
864 763 978 800 tum?
1007 763 1176 814 rogitas?
1204 763 1306 803 hisce

697 829 781 866 ego,
800 815 833 853 si
852 823 894 853 tu
912 829 976 854 me
992 816 1208 865 irritaveris,

201 869 403 908 Placidum
421 868 482 907 oed
503 869 614 908 hodie
632 869 798 907 reddam.

470 923 564 972 Cap.
593 926 683 973 Age
701 934 803 973 ergo,
823 923 944 974 recipe
962 930 1146 961 actutum.

1045 978 1157 1014 leer.
1186 977 1306 1017 Licet.

201 1031 341 1068 Phoed.
372 1029 452 1076 Tu,
483 1029 604 1074 miles,
630 1028 733 1079 apud
758 1041 820 1066 me
847 1029 1020 1068 eoenabis.
1061 1029 1190 1068 Hodie
1216 1031 1308 1070 fient

359 1082 514 1132 nuptiae.
1251 1087 1308 1123 50.

206 1137 319 1174 Ther.
348 1135 448 1183 Quae
466 1148 522 1173 res
539 1137 634 1173 bene
659 1142 781 1174 vortat
799 1135 895 1174 mihi
920 1143 957 1174 et
978 1136 1099 1186 vobis,
1123 1144 1306 1188 spectato-

360 1201 432 1237 res,
452 1188 636 1240 plaudite.
