1435 2400
383 53 820 95 MOSTELLARIA.
850 57 899 94 V.
933 59 971 95 2.
1154 57 1232 94 313

131 161 273 199 Theur.
301 161 426 201 Aliud
443 169 481 200 te
503 175 605 213 rogo.

344 218 463 254 Tran.
495 216 619 255 Aliud
638 229 727 267 ergo
745 229 846 256 nunc
865 218 934 256 tibi
948 217 1167 268 respondeo.
1184 217 1235 260 70

86 267 92 273 ’
123 267 213 313 Sed,
234 281 379 318 eccum,
399 269 456 307 tui
473 270 580 320 gnati
599 271 765 309 sodalem
786 271 894 309 video
912 271 987 309 huc
1005 270 1175 309 incedere

124 321 442 361 Callidamatem:
471 323 538 360 illo
555 333 751 374 praesente,
780 337 931 363 mecum
950 325 1066 376 agite,
1093 324 1123 362 si
1143 323 1236 375 quid

280 377 392 415 volae.

374 537 561 577 ACTUS
590 539 642 577 V.
697 539 881 578 SCENA
909 540 969 578 II.

160 642 543 684 CALLIDAMATES.
588 645 947 691 Tnssunopmns,
987 646 1194 684 TRAMO.

125 750 266 788 Callia.
298 751 379 790 Ubi
414 764 593 790 somnum
631 752 784 805 sepelivi
815 765 984 802 omnem,
1022 762 1138 805 atque
1164 755 1231 792 ob-

276 803 440 844 dormivi
458 807 666 857 crapulam,

119 855 360 896 Philolaches
378 859 523 897 venisse
541 860 637 897 mihi
655 873 769 898 suum
787 873 942 911 peregre
958 861 1034 899 huc
1052 868 1213 912 patrem,

117 909 284 961 Quoque
307 911 422 950 modo
439 912 635 951 hominem
660 913 922 951 advenientem
950 928 1077 953 servus
1103 914 1232 952 ludifi-

282 973 389 1003 catus
412 974 494 1013 Siet,

115 1017 211 1055 Ait:
243 1030 321 1056 saee
339 1026 507 1056 metuere
524 1019 564 1057 in
584 1026 826 1071 conspectum
844 1020 947 1059 illius
965 1021 1150 1060 occedere.

117 1071 159 1109 N
161 1083 236 1109 unc
254 1084 323 1122 ego
342 1071 389 1110 de
407 1071 602 1111 sodalitate
620 1074 722 1111 solus
741 1086 827 1112 sum
846 1082 969 1112 orator
987 1074 1114 1120 datus,
1204 1077 1228 1112 5

116 1124 199 1172 Qui
225 1137 248 1162 a
275 1133 381 1176 patre
400 1127 482 1175 ejus
506 1127 743 1165 conciliarem
770 1139 927 1178 pacem:
958 1135 1073 1180 atque
1098 1140 1229 1166 eccum

274 1190 296 1216 o
325 1187 443 1217 turne.

115 1231 246 1270 Jubeo
271 1192 499 1270 tepsalvere:
530 1242 580 1281 et,
611 1235 738 1272 salvus
763 1245 880 1285 quom
906 1234 1074 1283 advenis,
1096 1234 1228 1273 Theu-

273 1286 435 1336 ropidoe,

114 1339 292 1390 Peregre,
311 1339 472 1390 gaudeo.
527 1340 606 1379 Hic
624 1340 728 1391 apud
746 1353 814 1380 nos
831 1341 943 1380 hodie
961 1355 1092 1381 coenes.

839 1396 984 1433 leeur.
1012 1396 1073 1434 Sic
1093 1396 1223 1443 talem,

114 1444 380 1494 Callidamate,
401 1445 469 1484 Dii
488 1453 524 1484 te
545 1455 697 1494 ament3
729 1447 776 1487 de
794 1449 900 1487 coena
918 1448 1014 1487 facio
1032 1450 1209 1500 gratiam.

116 1500 259 1538 Callid.
289 1500 397 1548 Quin
417 1501 549 1538 venis?

386 1555 508 1593 Tran.
539 1555 749 1594 Promitte:
780 1568 850 1607 ego
867 1555 931 1594 ibo
948 1568 1018 1607 pro
1037 1564 1085 1602 te,
1107 1556 1138 1595 si
1156 1556 1227 1595 tibi

487 1621 564 1647 non
582 1609 687 1647 libet.
1054 1645 1061 1653 ‚
1173 1611 1222 1649 10

119 1661 264 1698 ΤΙιεαν.
287 1660 482 1700 Verbero!
514 1662 628 1700 etiam
646 1662 810 1701 irrides?

405 1717 526 1754 Tran.
556 1715 701 1763 Quian’
721 1729 784 1755 me
802 1729 871 1768 pro
889 1723 926 1755 te
943 1716 996 1756 ire
1012 1716 1061 1755 ad
1080 1728 1225 1755 coenam

512 1778 671 1808 autumo
682 1771 700 1807 ?

119 1822 264 1858 Theur.
292 1821 385 1859 Non
414 1822 512 1861 enim
544 1823 630 1862 ibis.
685 1824 772 1875 Ego
796 1823 916 1863 ferare
940 1823 1045 1872 faxo,
1072 1831 1116 1862 ut
1142 1836 1223 1863 me-

272 1883 394 1921 ruisti,
414 1888 455 1913 1n
475 1889 637 1915 crucem.

116 1928 257 1966 Callia.
283 1928 387 1980 Age,
407 1929 516 1967 mitte
533 1929 618 1975 ista,
639 1938 676 1968 et
693 1930 747 1969 ito
765 1931 814 1969 ad
832 1944 894 1970 me
913 1931 962 1969 ad
981 1943 1137 1969 coenam.

454 1984 574 2020 Tran.
602 1982 677 2021 Dic
695 1993 911 2023 venturum.
968 1984 1075 2032 Quid
1093 1985 1222 2023 taces?

112 2035 252 2073 Callia.
282 2034 358 2073 Sed
390 2042 432 2073 tu
463 2037 562 2074 istuc
595 2037 689 2088 quid
717 2038 920 2089 confugisti
952 2037 993 2075 in
1022 2051 1127 2076 aram
1163 2038 1222 2074 in-

271 2088 504 2128 scitissumus
515 2088 532 2126 ἲ

168 2151 276 2181 vot.
304 2153 356 2180 11.
932 2146 957 2181 2
978 2154 1006 2182 Ε
