1435 2400
498 106 697 146 PERSA.
727 105 802 145 IV.
831 106 868 143 4.
1159 104 1238 142 349

122 214 292 254 Malum.

232 270 329 307 Τοῖ’.
350 267 419 306 Dii
436 267 549 306 istam
568 267 752 319 perdant!
784 267 838 305 ita
857 274 940 304 cata
958 272 1015 304 aet
1034 275 1071 304 et
1089 263 1239 303 callida.

119 322 251 362 Habet
268 321 356 361 cor!
387 334 505 373 quam
523 321 627 367 dicit,
648 320 753 373 quod
769 319 897 371 opu’st
913 320 924 357 Ξ
1189 349 1200 360 ,

543 377 670 413 Dord.
700 374 808 422 Quid
826 386 964 412 nomen
985 372 1055 411 tibi
1074 370 1158 410 est?
1173 371 1240 416 ⁷70

124 431 222 468 Tox.
252 430 372 468 Nunc
389 436 534 475 metuo,
556 441 605 466 ne
621 436 761 479 peccet.

478 485 513 521 V
512 484 588 532 irg.
618 481 777 520 Lucridi
796 493 936 520 nomen
955 480 996 517 in
1014 479 1137 531 patria
1155 478 1243 517 fuit.

127 539 225 576 Tox.
254 536 410 574 Nomen
428 543 544 587 atque
563 549 675 574 omen
693 535 886 586 quantivis
904 540 960 572 est
976 535 1087 585 preti.
1133 531 1242 580 Quin

281 597 326 628 tu
344 590 443 628 hanc
461 589 555 628 emis
571 592 590 628 Ρ

126 644 256 683 Nimis
273 645 476 694 pavebam,
496 655 545 681 ne
561 649 744 694 peccaret.
787 640 1012 691 Expedivit.

828 696 956 732 Dord.
986 693 1029 733 Si
1046 700 1083 731 te
1099 704 1242 739 emam,

124 751 231 791 Mihi
249 762 402 803 quoque
421 749 627 789 Lucridem
646 748 795 788 confido
813 749 893 786 fore
911 756 959 786 te.

717 805 815 841 Tox.
842 802 908 840 Tu
927 801 958 839 si
973 801 1073 839 hanc
1092 799 1242 847 emeris,

122 860 340 911 Nunquam
359 855 532 906 (hercle)
550 857 656 896 hunc
673 869 846 895 mensem
864 862 1075 894 vertentem
1093 853 1244 906 (credo)

283 911 437 950 servibit
453 910 535 948 tibi.
1188 906 1240 950 75

104 973 106 975 '
129 967 252 1004 Dord.
282 966 345 1003 Ita
363 965 479 1002 velim
498 963 670 1015 quidem,
689 963 827 1002 hercle.

368 1020 465 1056 Tox.
493 1018 639 1068 Optata
656 1024 701 1056 ut
720 1016 908 1064 eveniant,
928 1027 1083 1067 operam
1102 1013 1245 1052 addito.

124 1072 237 1110 Nihil
254 1071 379 1110 adbuc
396 1071 562 1123 peccavit
581 1071 708 1108 etiam.

565 1126 693 1163 Dord.
719 1123 801 1163 Ubi
819 1131 862 1162 tu
881 1131 971 1161 nata
990 1135 1029 1160 es
1041 1122 1059 1158 ἐ’

929 1178 1042 1225 Virg.
1071 1176 1128 1214 Ut
1145 1174 1243 1213 mihi

124 1233 256 1272 Mater
273 1232 385 1280 dixit,
404 1232 444 1270 in
464 1231 606 1279 culina,
626 1233 666 1269 in
686 1231 829 1282 angulo
851 1229 900 1269 ad
918 1230 1054 1268 laevam
1072 1241 1246 1266 manum.

131 1289 227 1325 Tox.
249 1286 346 1324 Haec
361 1286 430 1325 erit
445 1286 515 1324 tibi
532 1285 657 1324 fausta
670 1285 876 1323 meretrix:
898 1291 989 1322 nata
1004 1282 1052 1321 'st
1068 1282 1110 1320 in
1124 1282 1245 1321 calido

285 1339 382 1387 loco,

124 1393 206 1432 Ubi
220 1405 348 1431 rerum
362 1393 537 1432 omnium
550 1394 740 1431 bonarum
754 1392 863 1442 copia
875 1391 923 1430 'st
938 1390 1171 1442 saepissume.
1193 1390 1245 1427 80

129 1448 273 1486 Tactus
292 1456 347 1485 est
365 1448 468 1494 leno,
485 1447 554 1498 qui
573 1447 739 1498 rogarat,
759 1446 828 1484 ubi
846 1452 936 1484 nata
954 1452 1062 1492 esset,
1082 1443 1233 1482 diceret.

126 1500 274 1552 Lepide
292 1501 396 1539 lusit.

307 1555 433 1592 Dord.
459 1554 518 1591 At
537 1566 606 1605 ego
624 1554 788 1604 patriam
807 1560 844 1590 te
863 1565 968 1603 rogo,
991 1564 1078 1602 quae
1097 1550 1146 1588 sit
1165 1556 1246 1588 tua.

137 1611 248 1659 Virg.
280 1608 382 1657 Quae
399 1607 497 1646 mihi
516 1607 578 1655 sit,
598 1608 672 1645 nisi
688 1608 784 1649 haec..
804 1606 872 1645 ubi
890 1617 993 1643 nunc
1011 1617 1097 1643 sum
1112 1606 1130 1642 Ρ

449 1662 577 1699 Dord.
602 1662 660 1700 At
680 1674 750 1711 ego
766 1659 875 1698 illam
893 1671 1036 1711 quaero‚
1056 1671 1144 1709 quae
1160 1657 1248 1695 fuit.

138 1717 252 1766 Virg.
282 1714 412 1754 Omne
430 1728 501 1765 ego
526 1727 596 1766 pro
620 1715 743 1753 nihilo
768 1726 847 1752 esse
872 1714 1000 1761 ducto,
1026 1711 1130 1763 quod
1156 1710 1245 1758 fuit,

290 1768 443 1824 quando
460 1769 559 1806 fuit:

131 1822 353 1873 Tamquam
381 1821 592 1868 hominem,
615 1821 768 1872 quando
786 1821 957 1859 animam
976 1818 1133 1865 efflavit,
1153 1817 1247 1870 quid

289 1887 379 1912 eum
398 1887 544 1925 quaeras
562 1875 629 1925 qui
647 1874 723 1912 fuit
737 1876 755 1913 ?
1195 1873 1246 1910 85

137 1930 236 1966 Tox.
266 1928 328 1966 Ita
364 1940 427 1965 me
459 1927 528 1965 Dii
562 1929 659 1965 bene
694 1935 838 1977 ament,
874 1927 1063 1979 sapienter
1080 1926 1090 1963 !
1132 1932 1247 1976 atque

291 1981 467 2032 equidem
486 1980 638 2018 miseret
655 1988 796 2020 tamen.

131 2037 260 2073 Dord.
287 2034 363 2074 Sed
388 2042 530 2077 tamen,
556 2034 677 2084 virgo,
704 2047 793 2085 quae
816 2035 939 2086 patria
963 2034 1010 2072 'st
1037 2032 1134 2070 tua?
1163 2043 1246 2082 age,

292 2087 389 2126 mihi
408 2095 579 2125 actutum
599 2087 748 2138 expedi.
804 2088 912 2136 Quid
931 2096 1030 2126 tacae
1042 2085 1060 2122 ?

143 2144 191 2179 1⁷2·
199 2156 258 2192 rg.
287 2142 387 2180 Dico
405 2140 581 2192 equidem
604 2141 779 2192 patriam.
833 2138 1158 2191 Quandoquidem
1186 2137 1251 2176 hic

293 2194 427 2242 servio,
447 2195 530 2233 haec
548 2194 670 2245 patria
685 2192 732 2232 ’st
751 2206 849 2232 mea.

191 2260 293 2288 vol„
317 2260 369 2287 Π.
953 2248 976 2283 2
1003 2257 1034 2283 n
