1435 2400
210 79 288 116 318
603 76 797 116 PERSA.
829 76 863 117 Ι.
898 75 932 113 1.

485 233 670 273 ACTUS
699 234 734 272 Ι.
791 235 976 274 SCENA
1005 234 1042 273 1.

485 342 705 382 Toxucs.
742 343 1041 382 SAGARISTIO.

217 448 312 486 Tox.
343 448 424 497 Qui
456 461 588 488 amans
617 462 729 502 egens
765 449 954 500 ingressus
986 455 1040 487 est
1071 447 1244 499 princeps
1276 446 1316 484 in

367 516 504 541 amous
523 516 615 551 was,

208 553 408 604 Superavit
427 557 605 594 aerumnis
622 557 654 594 is
673 557 750 594 suis
769 567 958 593 aerumnas
979 554 1180 593 Herculis:

207 607 314 646 Nam
339 621 427 646 cum
453 610 576 654 leone,
607 618 643 647 et
661 622 750 647 cum
778 609 941 656 excetra,
965 621 1053 646 cum
1081 619 1203 655 cervo,
1227 617 1316 644 cum

365 675 456 713 apro
475 663 656 709 AEtolico‚

207 713 309 752 Cum
327 715 460 754 avibus
478 715 761 767 Stymphalicis,
778 729 866 754 cum
880 716 1021 754 Antaeo
1035 713 1218 753 deluctari
1234 725 1317 751 ma-

368 769 496 816 velim,
1126 794 1134 798 -

207 820 339 868 Quam
365 835 453 860 cum
481 835 633 861 amore:
663 822 717 861 ita
736 823 786 862 fio
803 823 916 861 miser
935 819 1144 873 quaerundo
1161 826 1318 870 argento

367 884 527 922 mutuo;
1292 873 1317 909 5

207 926 290 967 Nec
322 929 548 980 quidquam,
577 929 650 967 nisi
681 932 709 953 “
731 931 822 968 Non
850 929 949 977 est,”
978 927 1102 966 sciunt
1127 926 1224 965 mihi
1258 938 1317 964 re-

366 982 563 1032 spondere,
584 996 679 1034 quos
696 995 798 1033 rogo.

208 1037 304 1085 Sag.
333 1034 414 1083 Qui
436 1035 527 1075 hero
545 1049 613 1075 suo
631 1037 767 1075 servire
786 1036 863 1074 volt
885 1037 982 1074 bene
1004 1047 1132 1074 servus
1160 1032 1320 1072 servitu·

366 1095 458 1135 tem,

206 1143 249 1180 N
251 1156 283 1181 ae
308 1140 478 1194 (edepol)
506 1143 619 1181 illum
646 1144 770 1182 multa
795 1143 835 1181 in
865 1150 1014 1195 pectore
1043 1154 1113 1181 suo
1135 1141 1318 1180 collocare

368 1208 391 1233 o
443 1204 527 1244 rtet,

205 1248 306 1296 Quae
323 1209 574 1301 herffilacere
587 1258 735 1290 censeat
752 1250 926 1303 praesenti
944 1258 1059 1301 atque
1072 1248 1217 1288 absenti
1235 1259 1316 1286 suo.

205 1303 293 1354 Ego
310 1315 434 1354 neque
452 1303 612 1343 libenter
631 1305 764 1353 servio,
790 1317 912 1356 neque
932 1304 1022 1342 satis
1049 1315 1135 1341 sum
1160 1302 1252 1340 hero
1269 1313 1318 1339 ex

365 1357 550 1395 sententia
566 1372 576 1395 ε
1268 1354 1317 1391 10

203 1409 294 1458 Sed,
315 1410 425 1461 quasi
441 1411 548 1462 lippo
566 1411 689 1459 oculo,
710 1425 772 1450 me
789 1412 903 1450 herus
920 1423 1029 1449 meus
1053 1421 1213 1448 manum
1232 1409 1320 1446 abs-

365 1464 483 1501 tinere
501 1464 604 1503 haud
623 1465 707 1517 quit
724 1473 867 1512 tamen,

207 1516 314 1564 Quin
332 1518 389 1554 mi
409 1517 582 1568 imperet,
600 1519 694 1570 quin
713 1532 776 1557 me
793 1517 871 1556 suis
891 1516 1050 1567 negotiis
1067 1514 1293 1567 praefissciat.

208 1570 308 1617 Quis
323 1570 400 1608 illic
419 1578 487 1618 est,
510 1572 576 1622 qui
595 1579 724 1610 contra
741 1584 804 1609 me
823 1570 974 1608 adstat?

438 1626 533 1662 Tox.
562 1624 662 1672 Quis
679 1625 740 1663 hic
759 1634 828 1673 est,
849 1623 917 1675 qui
935 1630 1064 1662 contra
1081 1634 1145 1661 me
1162 1620 1316 1660 adstat?

205 1676 350 1715 Similis
368 1684 425 1715 est
442 1677 717 1727 Sagaristionis.

402 1732 497 1779 Sag.
526 1730 691 1768 Toxilus
707 1729 770 1768 hic
788 1729 944 1782 quidem
962 1742 1071 1768 meus
1089 1728 1234 1768 amicus
1252 1734 1320 1767 eet.

212 1785 308 1822 Tox.
336 1784 377 1822 Is
395 1790 452 1821 est
470 1783 649 1834 profecto.

365 1838 460 1887 Sag.
488 1837 595 1875 Eum
615 1849 693 1876 ωδε
708 1838 853 1889 opinor.

548 1892 644 1928 Tox.
675 1890 918 1942 congrediar.

747 1948 842 1997 Sag.
871 1945 1014 1984 Contra
1030 1941 1240 1995 aggrediar.
1270 1941 1319 1980 15

213 1998 309 2036 Tox.
338 1995 376 2036 O
392 1996 621 2049 Sagaristio!
653 1997 722 2036 Dii
740 2006 869 2038 ament
886 1999 950 2038 te!

394 2051 554 2103 Sag.,o
575 2051 740 2091 Toxile!
771 2053 918 2092 dabunt
937 2052 1020 2102 Dii,
1041 2065 1127 2105 quae
1145 2059 1316 2102 exoptoe.

206 2105 263 2143 Ut
279 2103 381 2145 vales
393 2107 411 2144 Ρ

425 2160 522 2198 Tox.
547 2159 604 2200 Ut
622 2172 733 2212 queo.
