1435 2400
213 107 292 143 246
411 105 588 146 MILES
618 107 953 147 GLORIOSUS.
979 107 1053 146 IV.
1083 108 1120 145 4.

209 212 326 249 Acro.
356 211 463 250 Bene
478 225 622 252 mones.

500 268 591 304 Pal.
620 266 708 314 Sed,
730 266 795 304 ubi
812 266 876 304 ille
895 266 1027 305 exierit
1043 267 1159 311 intus,
1178 267 1260 305 istic
1278 276 1315 306 te

604 320 736 370 procul
1261 321 1314 358 33

210 372 275 410 Ita
292 372 377 410 volo
395 372 627 421 assimulare,
646 386 723 424 prae
741 373 843 410 illius
870 372 1006 422 forma,
1027 373 1135 424 quasi
1163 385 1314 424 spernas

368 432 488 469 tuam,

206 476 406 528 Quasique
420 479 501 526 ejus
515 478 800 529 opulentitatem
822 479 1042 518 reverearis:
1065 486 1101 517 et
1119 479 1234 516 simul
1261 478 1313 516 35

207 530 388 568 Formam
407 532 632 570 amoenitatis
650 532 767 579 illius,
788 533 937 579 faciem,
957 532 1294 583 pulchritudinem,

208 583 444 622 collaudato.
496 585 631 623 Sati'n'
649 593 878 637 praeceptum
897 587 945 624 'st
959 588 976 623 ?

633 641 750 676 Acro.
779 639 920 677 Teneo.
951 637 1083 677 Sati’n’
1103 645 1172 686 est,
1194 638 1226 676 si
1244 637 1313 677 tibi

205 688 346 728 Meum
373 702 467 741 opus
495 691 549 729 ita
566 691 664 730 dabo
682 692 907 743 expolitum,
935 699 979 729 ut
999 692 1212 743 improbare
1234 703 1311 729 non

394 756 483 781 ueas
499 746 516 782 ?

208 797 298 833 Pal.
326 756 393 835 Sa‘i
410 796 540 835 habeo.
570 798 611 836 N
613 811 687 837 unc
705 798 773 836 tibi
791 798 954 836 vicissim
972 810 1060 849 quae
1078 797 1284 849 imperabo.

1007 852 1138 889 Pleu-5.
1171 851 1312 889 Dicito.

207 903 298 940 Pal.
321 902 450 946 Quam
470 906 660 955 extemplo
678 905 748 943 hoc
766 905 836 943 erit
853 904 1010 952 factum,
1030 905 1097 942 ubi
1115 904 1214 942 intro
1231 903 1311 942 haec

363 956 509 1004 abierit,
531 966 571 995 tu
590 958 690 995 illico
1258 958 1309 995 40

203 1007 334 1046 Facito
351 1015 395 1046 ut
413 1010 538 1048 venias
556 1017 709 1048 ornatus
727 1011 802 1048 huc
819 1018 950 1048 ornatu
967 1011 1201 1055 nauclerico3

205 1061 385 1099 Causiam
423 1061 561 1101 habeas
592 1064 859 1114 ferrugineam,
890 1063 1066 1101 culcitam
1098 1065 1146 1102 ob
1178 1063 1306 1102 oculos

363 1114 537 1161 laneam;

204 1167 411 1205 Palliolum
440 1169 578 1208 habeas
601 1170 873 1221 ferrugineum,
903 1170 1013 1220 (nam
1040 1170 1072 1208 is
1099 1169 1198 1208 colos
1224 1169 1309 1208 tha-

361 1221 546 1261 lassieu’st

203 1274 254 1313 Id
271 1287 485 1313 connexum
503 1221 719 1315 in)humero
737 1277 848 1325 laevo,
870 1277 1099 1329 expapillato
1117 1275 1296 1321 brachio;

205 1328 437 1367 Praecinctus
456 1329 590 1380 aliqui,
610 1330 828 1368 assimulato
847 1330 955 1381 quasi
977 1332 1204 1381 gubernator
1222 1330 1305 1367 sies.

203 1382 338 1434 Atque
360 1381 463 1431 apud
483 1381 586 1421 hunc
606 1396 734 1422 senem
761 1384 888 1421 omnia
913 1383 994 1422 haec
1015 1391 1128 1421 sunt:
1158 1395 1248 1421 nam
1276 1383 1308 1420 is

360 1435 559 1486 piscatores
575 1436 700 1474 habet.
1251 1436 1305 1472 46

201 1489 333 1526 Pleas.
354 1488 489 1536 Quid?
517 1489 584 1527 ubi
602 1502 665 1527 ero
682 1496 899 1537 exornatus,
915 1489 1008 1541 quin
1027 1495 1070 1527 tu
1088 1488 1194 1537 dicis,
1214 1488 1308 1539 quid

358 1541 527 1580 facturus
544 1542 647 1580 sim?

203 1595 295 1632 Pal.
324 1595 416 1632 Huc
445 1595 584 1643 venito,
616 1603 653 1633 et
681 1597 813 1634 matris
838 1595 960 1634 verbis
985 1594 1306 1634 Philocomasium

360 1660 402 1684 ar

200 1699 272 1748 Ut,
291 1700 322 1738 si
349 1656 552 1760 ἱῐᾳοτῗῗζῗιζ
570 1709 626 1739 est
643 1702 831 1751 Athenas,
853 1710 912 1740 eat
929 1708 1055 1741 tecum
1074 1701 1123 1740 ad
1149 1707 1303 1752 portum

199 1805 334 1857 Atque
359 1760 573 1898 zltssiubeat
603 1807 690 1846 ferri
720 1808 760 1846 in
791 1809 935 1856 navim,
970 1808 1001 1845 si
1033 1808 1127 1860 quid
1157 1808 1304 1899 impogg

360 1873 384 1897 v

201 1913 289 1951 Nisi
307 1868 668 2004 eatdjtretsoluturum
692 1927 770 1953 esse
791 1916 944 1954 navim:
975 1921 1131 1953 ventum
1149 1927 1302 1967 operam

426 1980 456 2004 e.

202 2021 337 2058 Pleas.
365 2021 463 2059 Satis
482 2020 603 2072 placet
621 2022 778 2073 pictura.
833 2023 965 2073 Perge.

550 2076 642 2113 Pal.
671 2076 745 2114 Ille
763 2077 954 2127 extemplo
971 2076 1078 2115 illam
1095 2074 1306 2114 hortabitur

200 2126 255 2164 Ut
274 2134 348 2174 eat,
367 2134 410 2166 ut
426 2137 613 2180 properet,
631 2142 679 2168 ne
697 2142 812 2168 morae
830 2130 878 2167 sit
894 2130 1019 2168 matri.

769 2185 902 2223 Pleas.
928 2182 1175 2223 Multimodis
1188 2182 1303 2234 sapis·
