1435 2400
223 49 300 86 324
623 47 692 87 PE
698 47 816 86 RSA.
845 47 879 85 Ι.
905 48 942 85 3.

548 156 644 193 Tox.
671 154 778 192 Tum
797 162 838 193 tu
856 167 918 192 me
936 153 1016 192 sine
1035 153 1139 191 illam
1159 151 1329 192 vendere.

225 209 311 247 Sat.
340 207 444 246 Tun’
465 206 571 246 illam
589 208 755 247 vendas?

601 263 695 299 Tox.
725 261 866 307 Immo,
887 259 1005 297 alium
1026 260 1248 312 allegavero,
1277 260 1331 296 55

222 314 305 362 Qui
323 315 474 362 vendat,
493 314 561 366 qui
578 327 656 352 oese
674 327 712 352 se
730 314 970 365 peregrinum
988 314 1186 363 praedicet:

222 368 421 419 Siquidem
440 367 502 406 hic
518 368 604 406 leno
621 366 792 406 nondum
813 379 878 405 sex
896 379 1042 404 menses
1061 365 1286 416 Megaribus

222 420 315 459 Huc
333 429 388 459 δὲ
405 433 522 473 quom
540 420 813 471 commigravit.

775 475 857 511 Sat.
888 472 1056 510 Pereunt
1073 471 1256 522 reliquiae.

223 526 414 566 Posterius
432 527 528 567 istuc
545 534 672 566 tamen
690 532 826 578 potest.

757 580 853 617 Tooe.
882 577 1000 617 Sci'n’
1019 591 1134 629 quam
1153 578 1305 629 potest?

223 633 437 685 Nunquam
452 631 625 685 (hercle)
642 631 753 670 hodie
774 632 838 670 hic
865 632 970 683 prius
993 631 1086 679 edis,
1113 635 1177 674 (ne
1195 631 1335 669 frustra

381 687 446 732 sis)
1279 684 1335 722 60

223 739 355 788 Quam
374 748 411 778 te
428 739 499 778 hoc
517 739 721 786 facturum,
742 738 845 790 quod
862 751 967 789 rogo,
987 737 1151 776 affirmas
1169 737 1278 775 mihi.

221 794 356 844 Atque
374 793 446 831 nisi
464 800 619 843 gnatam
639 800 764 830 tecum
782 792 857 829 huc
873 793 969 840 jam,
989 798 1177 842 quantum
1195 796 1330 842 potest,

221 845 413 892 Adducis,
434 846 585 896 exigam
607 843 778 896 (hercle)
799 857 867 894 ego
886 852 922 882 te
941 857 988 881 ex
1007 844 1078 882 hac
1097 843 1259 882 decuria„

222 898 330 946 Quid
348 911 449 937 nune
466 902 482 937 ,⁹
503 898 596 949 quid
615 899 700 936 est?
722 897 813 949 quin
830 897 936 944 dieis,
955 897 1047 947 quid
1065 897 1232 935 facturus
1250 896 1299 934 sis
1313 898 1331 933 ἲ

223 953 305 990 Sat.
337 952 476 995 Quaeso
501 948 690 1002 (hercle),
720 963 782 988 me
801 962 952 1002 quoque
977 949 1091 988 etiam
1117 950 1271 998 vendas,
1300 949 1334 987 si

379 1005 496 1048 lubet,
1277 1003 1329 1040 65

222 1058 331 1097 Dum
349 1065 520 1097 saturum
539 1057 690 1096 vendas.

652 1113 746 1149 Tooe.
777 1111 863 1149 Hoc
883 1111 915 1149 si
932 1110 1128 1158 facturu's‚
1148 1109 1242 1148 face.

225 1166 306 1203 Sat.
337 1164 493 1202 Faciam
514 1164 705 1216 equidem,
726 1178 811 1215 quae
830 1164 898 1202 vis.

452 1220 548 1256 Tooe.
580 1218 686 1256 Bene
703 1217 820 1263 facis3
851 1230 1038 1268 propera3
1065 1217 1128 1256 abi
1145 1216 1328 1255 domum:

219 1271 473 1309 Praemonstra
490 1271 611 1317 docte,
630 1271 791 1322 praecipe
808 1279 891 1308 astu
910 1271 1011 1317 filiae,

222 1324 330 1368 Quid
348 1324 552 1368 fabuletur,
572 1325 640 1362 ubi
658 1337 696 1362 se
713 1332 841 1362 natam
860 1324 1050 1374 praedicet,

223 1378 305 1421 Qui
325 1377 396 1415 sibi
414 1385 586 1428 parentes
604 1377 759 1424 fuerint,
777 1377 879 1415 unde
898 1385 1068 1428 surrepta
1087 1377 1146 1415 sit.
1278 1377 1331 1421 70

220 1430 297 1469 Sed
313 1430 428 1480 longe
445 1432 493 1469 ab
510 1429 676 1468 Athenis
695 1443 772 1469 esse
790 1443 828 1468 se
846 1438 978 1469 natam
997 1436 1194 1469 autumet:

219 1483 274 1522 Et
291 1491 336 1521 ut
353 1483 491 1532 affleat,
511 1496 627 1535 quom
647 1497 690 1522 ea
707 1492 902 1522 memoret.

871 1539 956 1575 Sat.
986 1536 1119 1575 Etiam
1139 1542 1181 1574 tu
1199 1542 1297 1574 taces
1311 1538 1329 1574 Ρ

221 1590 300 1628 Ter
317 1596 421 1628 tanto
439 1591 544 1641 pejor
561 1590 645 1642 ipsa
663 1591 724 1636 ’st‚
744 1602 861 1641 quam
880 1589 988 1627 illam
1006 1596 1049 1627 tu
1068 1602 1145 1627 esse
1163 1589 1229 1627 vis.

225 1644 321 1681 Tox.
343 1643 489 1693 Lepide
503 1643 669 1691 (hercle)
689 1643 793 1681 dicis.
823 1642 898 1682 Sed
917 1642 1037 1689 sei’n',
1059 1642 1152 1693 quid
1165 1642 1310 1681 facias?

221 1697 563 1800 Tunioegalaique
599 1760 748 1797 zonam,
787 1756 824 1788 et
853 1749 1094 1800 chlamydem
1130 1748 1260 1788 afferto
1293 1755 1330 1787 et

379 1802 561 1848 causiam‚
1278 1802 1333 1847 75

219 1855 351 1903 Quam
367 1855 433 1893 ille
450 1855 601 1904 habeat,
622 1855 689 1907 qui
705 1855 804 1895 hane
820 1856 949 1894 lenoni
965 1856 1055 1895 huic
1073 1855 1222 1895 vendat.

940 1913 1023 1949 Sat.
1053 1910 1144 1948 Heu
1160 1909 1170 1946 2
1200 1910 1329 1961 probe.

225 1963 321 2000 Tooe.
350 1961 472 2010 Quasi
491 1962 538 2000 sit
555 1962 788 2014 peregrinus.

557 2017 639 2054 Sat.
668 2016 817 2056 Laudo.

648 2070 744 2108 Tox.
772 2071 826 2110 Et
843 2077 886 2109 tu
905 2078 1012 2109 tuam
1030 2076 1186 2122 gnatam
1203 2075 1331 2109 tamen

219 2122 406 2161 Ornatam
426 2122 571 2162 adduce
590 2122 713 2174 lepide
730 2123 769 2162 in
789 2124 1031 2175 peregrinum
1049 2123 1223 2163 modum.
