1435 2400
417 31 757 71 MERCATOR.
787 31 847 69 ΙΙ.
874 33 912 69 4.
1141 30 1217 68 159

553 138 673 176 Char.
700 136 836 176 Sati'n’
854 146 897 176 ut
915 136 1056 176 oblitus
1073 136 1145 184 fui,
1167 136 1217 174 13

116 190 206 229 Tibi
224 203 287 229 me
303 190 510 228 narravisse
521 190 539 227 ἱ)

309 246 406 282 Eut.
434 243 552 282 Haud
571 244 712 281 mirum
732 243 874 282 sactum
888 244 949 282 ’st.

696 298 816 335 Char·
850 298 909 336 Te
927 310 1030 336 nunc
1049 296 1214 335 consulo.

114 350 330 402 Responde,
356 363 434 402 quo
455 351 531 389 leto
554 362 680 389 censes
708 363 770 388 me
799 358 843 389 ut
871 364 1023 402 peream
1054 350 1216 402 potissu-

272 417 380 442 mum
391 404 409 440 ’ἒ
1168 403 1216 439 15

116 459 214 496 Eut.
240 458 330 495 Non
350 457 478 496 taces?
507 470 594 495 cave
611 457 709 494 istuc
726 456 838 494 dixis.

502 512 620 549 Char.
643 510 757 557 Quid
777 511 833 548 vis
851 524 913 549 me
930 510 1047 561 igitur
1065 509 1187 547 dicere
1199 509 1218 546 Ρ

115 566 212 602 Eut.
238 564 348 602 Vi'n'
365 564 463 615 patri
482 564 669 602 sublinere
685 564 842 615 pulchre
860 577 922 602 me
940 577 981 602 os
999 571 1064 601 tuo
1075 563 1093 599 ’ἓ

860 619 980 656 Char.
1007 618 1106 656 Sane
1124 615 1222 657 volo,

114 672 211 709 Eut.
238 671 360 710 Visne
377 683 460 709 eam
479 670 528 709 ad
545 677 699 722 portum
716 672 734 708 Ρ

383 726 502 763 Char.
531 725 615 772 Qui
634 724 774 775 potius,
795 737 911 774 quam
929 724 1062 762 voles?

778 779 875 816 Eut.
902 778 1037 829 Atque
1054 775 1221 815 eximam

115 828 323 869 Mulierem
341 831 462 882 pretio
476 833 494 869 ?

224 885 346 923 Char.
375 884 457 928 Qui
474 884 614 936 potius,
634 897 751 936 quam
771 897 863 923 auro
881 883 1072 936 expendas
1088 882 1106 921 ἓ

753 940 849 976 Eut.
878 938 992 977 Unde
1010 945 1049 975 at
1067 935 1137 975 erit
1154 934 1194 973 id
1205 934 1224 971 ⁴?

117 991 239 1030 Char.
266 990 461 1029 Achillem
480 992 608 1039 orabo,
628 1004 765 1029 aurum
782 991 879 1030 mihi
896 992 974 1039 det,
995 991 1137 1029 Hector
1156 989 1226 1039 qui

274 1056 461 1094 expensus
480 1044 566 1083 fuit.
1172 1043 1225 1079 20

118 1098 214 1134 Eut.
245 1097 406 1136 Sanu'n'
425 1099 494 1135 ae?

344 1151 463 1189 Char.
493 1150 579 1196 Pol,
599 1162 714 1188 sanus
731 1149 763 1187 si
781 1149 867 1197 sim,
887 1161 964 1188 non
982 1156 1019 1187 te
1037 1147 1228 1187 medicum

454 1204 550 1241 mihi
568 1212 756 1254 expetam.

117 1255 215 1294 Eut.
247 1254 366 1295 Tanti
384 1257 518 1308 quanti
537 1258 670 1308 poscit,
690 1256 784 1295 vi'n'
803 1255 899 1294 tanti
917 1255 1025 1294 illam
1045 1253 1149 1293 emi?

853 1311 972 1348 Char.
999 1307 1229 1347 Auctarium

116 1361 301 1412 Adjicito‚
320 1362 381 1401 vel
398 1362 505 1402 mille
521 1365 726 1403 nummum
743 1363 831 1414 plus
849 1375 966 1414 quam
985 1370 1122 1413 poscet.

899 1419 994 1454 Eut.
1023 1416 1117 1453 Jam
1135 1422 1230 1452 tace.

118 1467 193 1507 sed
210 1468 304 1520 quid
330 1469 384 1508 ais
397 1471 415 1508 Ρ
443 1469 546 1508 unde
563 1469 633 1508 erit
657 1476 870 1521 argentum,
891 1469 995 1520 quod
1014 1468 1093 1516 des,
1113 1480 1231 1520 quom

445 1532 524 1562 ater
537 1525 556 1562 ⁴?

124 1574 245 1616 Char.
272 1536 506 1625 Invenigiur‚
527 1576 772 1628 exquiretur3
802 1575 949 1628 aliquid
967 1575 1046 1614 fiet.

875 1631 972 1667 Eut.
1000 1628 1154 1667 Enicas-
1179 1628 1233 1665 25

119 1680 214 1720 Jam
231 1681 344 1731 istuc,
363 1683 392 1705 “
407 1681 554 1733 aliquid
571 1683 679 1730 fiet,”
699 1690 842 1721 metuo.

594 1737 714 1776 Char.
745 1736 853 1784 Quin
872 1743 970 1774 taces
984 1738 1002 1774 ἶ)

800 1791 898 1827 Eut.
924 1789 1043 1827 Muto
1059 1788 1233 1841 imperas.

126 1840 247 1880 Char.
275 1839 411 1880 Sati‘n'
428 1842 526 1881 istuc
540 1842 766 1880 mandatum
782 1842 829 1880 ’st
842 1845 860 1881 ,⁹

462 1897 558 1934 Eut.
587 1896 726 1934 Poti’n’
745 1903 790 1934 ut
808 1895 915 1933 aliud
935 1908 1041 1934 cures
1054 1897 1073 1934 ‚⁹

840 1951 961 1988 Char.
989 1950 1080 1988 Non
1098 1955 1234 2000 potest.

126 2001 222 2040 Eut.
249 2001 358 2040 Bene
376 2001 471 2041 vale.

314 2055 435 2094 Char.
463 2054 555 2092 Non
573 2054 742 2106 (edepol)
758 2068 928 2107 possum,
948 2055 1171 2106 priusquam
1190 2059 1234 2090 tu

423 2107 471 2146 ad
485 2120 547 2146 me
564 2108 731 2147 redieris.
