1435 2400
359 72 791 113 MOSTELLARIA.
821 74 872 113 V.
906 75 940 114 1.
1120 75 1202 113 309

352 230 538 270 ACTUS
566 231 620 269 V.
675 229 861 268 SCENA
890 230 926 268 Ι.

334 337 536 377 TRANIO.
583 336 945 375 ΤΗΕῑἚοΡιω-ῑε.

91 444 210 481 Tran.
240 443 321 491 Qui
338 443 454 505 homo
473 443 628 482 timidus
647 444 716 482 erit
733 444 772 481 in
791 445 904 483 rebus
926 443 1065 490 dubiis,
1084 442 1196 482 nauci

243 509 317 535 non
338 506 420 536 ent.

80 550 214 602 Atque
236 551 428 611 equidem,
452 551 546 603 quid
573 551 613 588 id
638 564 715 590 esse
739 550 864 589 dicam
886 552 1046 589 verbum
1065 551 1192 597 nauci,

240 616 374 642 nescio.

79 657 200 707 Nam,
220 657 333 696 herus
352 670 414 696 me
432 665 635 710 postquam
653 671 718 696 rus
737 658 854 707 misit,
874 665 919 696 ut
936 657 1061 696 filium
1080 670 1194 696 suum

234 724 471 757 arcesserem,

75 763 172 803 Abii
190 765 297 856 illgd
281 778 348 814 per
375 765 620 818 angiportum
642 765 691 804 ad
714 765 871 803 hortum
893 771 1068 803 nostrum
1087 765 1190 803 clan-

299 830 389 856 um:

77 869 232 909 Ostium
253 871 356 923 quod
373 872 411 910 in
430 873 631 924 angiportu
651 882 707 910 est
723 872 838 919 horti,
850 871 1011 923 patefeci
1023 872 1135 918 fores,
1165 873 1190 909 5

76 923 215 975 anue
234 925 350 963 eduxi
369 938 521 964 omnem
542 926 744 976 legionem,
765 933 802 963 et
815 938 939 963 mares
964 932 1001 963 et
1019 926 1193 963 feminas.

72 977 284 1030 Postquam
310 991 357 1016 ex
385 979 579 1017 obsidione
602 979 643 1016 in
669 986 797 1017 tutum
824 978 940 1016 eduxi
961 979 1191 1030 maniplares

233 1045 337 1070 meos

75 1084 195 1136 Capio
223 1060 438 1134 consilium,
466 1092 512 1123 ut
538 1094 713 1125 senatum
746 1098 1022 1138 congerronum
1051 1098 1190 1125 convo-

236 1152 332 1177 cem.

75 1191 202 1235 Quem
222 1205 340 1244 quom
359 1193 573 1242 convocavi,
589 1201 704 1245 atque
717 1193 775 1232 illi
792 1206 855 1233 me
874 1206 893 1232 e
912 1200 1045 1232 senatu
1065 1206 1189 1245 segre-

261 1254 327 1284 ant

72 1299 153 1338 Ubi
171 1260 368 1351 egogvideo
386 1313 466 1339 rem
486 1301 582 1339 vorti
607 1300 648 1337 in
669 1313 756 1339 meo
781 1301 879 1349 foro,
906 1307 1095 1352 quantum
1118 1313 1190 1393 plod-

232 1361 303 1391 test

71 1406 186 1445 Facio
203 1381 320 1454 idem}
340 1407 443 1458 quod
461 1407 618 1458 plurimi
636 1407 716 1455 alii,
736 1407 876 1459 quibus
892 1421 951 1446 m
969 1407 1105 1446 timida
1123 1415 1191 1446 aut

232 1460 384 1498 turbida
403 1468 481 1498 est:

70 1512 243 1564 Pergunt
260 1515 413 1552 turbare
431 1526 566 1565 usque,
586 1522 630 1552 ut
651 1526 699 1552 ne
724 1513 818 1565 quid
841 1513 961 1565 possit
989 1514 1186 1566 conquies-

230 1580 324 1605 cere.

69 1619 176 1658 Nam
195 1620 270 1658 scio
289 1619 480 1672 equidem,
501 1619 608 1658 nullo
626 1627 737 1672 pacto
760 1621 841 1671 jam
861 1632 940 1658 oese
958 1633 1067 1672 posse
1086 1621 1185 1659 clam

228 1686 370 1712 senem.

69 1725 145 1765 Sed
163 1725 262 1786 quid·
274 1726 353 1807 hoc>
363 1735 431 1776 est,
447 1727 551 1779 quod
569 1726 660 1766 foris
684 1727 903 1779 concrepuit
919 1728 1110 1779 proxuma
1128 1729 1186 1767 vi-

231 1791 347 1817 eima.

72 1832 201 1871 Herus
219 1844 328 1870 meus
352 1833 414 1871 hic
438 1834 594 1885 quidem
619 1841 697 1872 est:
729 1842 882 1886 gustare
908 1847 978 1886 ego
1001 1836 1083 1885 ejus
1109 1849 1186 1874 ser-

231 1897 385 1924 monem
405 1888 502 1925 volo.
1135 1889 1184 1926 15

79 1940 221 1978 Theur.
252 1939 362 1977 Illico
389 1940 488 1978 intra
519 1941 635 1979 limen
669 1941 814 1979 adstate
842 1941 947 1991 illie3
981 1949 1038 1989 ut,
1068 1955 1186 1993 quom

230 1993 422 2043 extemplo
445 2005 590 2041 vocem,

71 2045 262 2084 Continuo
281 2045 485 2084 exsistatis:
515 2047 682 2085 manicas
701 2047 868 2086 celeriter
887 2049 1105 2086 connectite.

70 2099 156 2149 Ego
191 2098 302 2136 illum
340 2107 427 2138 ante
469 2099 580 2138 aedeis
624 2100 867 2151 praestolabor
911 2101 1184 2139 ludificatorem

228 2164 387 2199 meum;
