1435 2400
246 51 325 88 204
449 49 628 89 MILES
658 49 990 90 GLORIOSUS.
1020 51 1082 92 ΙΙ.
1110 52 1163 90 3.·

710 157 796 195 Pal.
827 157 913 204 Vae,
933 157 1110 197 verbero!
1142 156 1288 208 edepol,
1309 165 1353 197 tu

833 210 986 261 quidem
1303 211 1351 248 51

251 263 397 312 Caecus,
418 276 493 301 non
512 263 767 302 luscitiosu's:
798 275 887 301 nam
916 264 1023 301 illam
1048 263 1203 315 quidem
1226 275 1352 302 eccam

410 316 524 355 domi.

249 371 347 408 Sccl.
378 370 515 418 Quid?
542 373 571 392 “
591 370 694 408 domi
708 371 760 408 ?''

429 423 514 461 Pal.
541 423 660 461 Domi
681 422 844 473 (hercle)
866 436 965 461 vero.

671 478 768 515 Scel.
796 476 902 514 Abi!
932 475 1033 514 ludis
1051 489 1127 525 me,
1148 477 1357 517 Palaestrio.

254 531 346 568 Pal.
376 528 481 568 Tum
500 529 596 567 mihi
615 539 702 568 sunt
720 543 856 568 manus
873 530 1091 580 inquinatae.

644 585 735 621 Scel.
763 584 845 631 Qui
865 583 958 620 dum
971 582 989 618 ἲ

920 637 1006 673 Pal.
1033 634 1138 682 Quia
1153 637 1246 675 ludo
1263 637 1359 677 luto.

256 691 354 728 Sccl.
383 689 455 728 Vae
473 689 586 741 capiti
607 698 671 728 tuo
687 690 712 728 !*⁴

457 745 554 788 Pal.
578 743 667 781 Tuo
681 744 791 791 istm,
805 742 991 788 Sceledre,
1006 743 1184 794 promitto
1198 743 1290 792 fore,
1310 745 1361 782 55

256 796 342 834 Nisi
360 797 486 834 oculos
505 797 787 847 orationemque
806 796 921 834 aliam
941 804 1151 834 commutas
1170 797 1251 836 tibi.

255 849 332 887 Sed
348 849 445 888 fores
464 858 758 900 concrepuerunt
775 858 922 887 nostrae.

656 904 752 940 Scel.
781 904 839 940 At
858 915 927 953 ego
946 902 1030 940 illas
1049 903 1204 941 observo
1222 903 1359 943 foreis:

258 956 364 993 Nam
394 956 490 993 nihil
513 964 581 1004 est,
602 955 677 1006 qua
697 956 786 994 hinc
803 956 878 994 huc
897 955 1055 993 transire
1073 968 1116 993 ea
1135 957 1266 1006 possit,
1290 958 1364 996 nisi

416 1017 515 1047 recto
533 1017 640 1047 ostio.

261 1061 346 1099 Pal.
376 1061 482 1109 Quin
504 1062 608 1099 domi
633 1074 770 1100 eccam.
825 1061 978 1109 Nescio,
999 1074 1085 1112 quae
1102 1069 1152 1111 te,
1177 1062 1364 1113 Sceledre,

420 1116 555 1154 scelera
574 1116 767 1153 suscitant.

258 1171 350 1207 Scel.
379 1169 483 1206 Mihi
513 1182 582 1219 ego
612 1169 743 1214 vide03
784 1168 878 1206 mihi
909 1181 977 1218 ego
1003 1168 1131 1219 sapio;
1171 1169 1267 1207 mihi
1295 1183 1365 1221 ego

419 1222 527 1260 credo
546 1222 756 1271 plurimum
771 1236 782 1259 :
1311 1225 1366 1262 60

259 1275 328 1313 Me
345 1276 460 1313 homo
475 1288 586 1313 nemo
600 1275 831 1321 deterruerit,
847 1275 940 1326 quin
955 1288 998 1313 ea
1012 1274 1061 1312 sit
1074 1274 1111 1312 in
1131 1274 1191 1313 his
1208 1275 1364 1315 aedibus.

256 1330 336 1367 Hic
362 1330 554 1376 obsistam,
587 1341 634 1366 ne
667 1328 900 1378 imprudenti
931 1328 1007 1366 huc
1038 1341 1082 1366 ea
1110 1340 1150 1366 se
1179 1329 1366 1380 subrepsit

417 1382 525 1420 mihi.

258 1438 349 1474 Pal.
378 1436 495 1474 Meus
512 1435 590 1473 illic
606 1435 751 1472 homo’
754 1443 813 1481 st3
844 1435 1050 1473 deturbabo
1064 1434 1146 1482 jam
1165 1446 1235 1484 ego
1252 1434 1365 1474 illum

422 1489 469 1527 de
486 1488 723 1539 pugnaculis.

256 1542 322 1581 Vi’
327 1543 365 1580 n'
380 1544 461 1592 jam
480 1542 630 1589 faciam,
650 1549 695 1579 ut
713 1540 950 1579 stultividum
968 1548 1006 1578 te
1024 1539 1204 1579 fatearis?

1031 1595 1128 1632 Seel.
1155 1594 1256 1645 Age,
1275 1595 1369 1636 face.

261 1650 353 1686 Pal.
382 1648 521 1698 Neque
539 1655 575 1686 te
594 1647 804 1699 quidquam
823 1661 950 1699 sapere
969 1647 1091 1695 corde,
1110 1659 1233 1699 neque
1251 1649 1370 1687 oculis

419 1701 477 1738 uti
490 1704 507 1739 Ρ

528 1755 624 1792 Scel.
651 1753 765 1791 Volo.
1317 1755 1368 1794 65

262 1810 354 1846 Pal.
383 1807 535 1858 Nempe
555 1814 598 1844 tu
617 1806 701 1844 istic
719 1808 773 1846 ais
792 1821 869 1846 esse
886 1808 1044 1846 herilem
1064 1807 1312 1846 concubinam
1323 1809 1342 1845 Ρ

959 1863 1055 1900 Scec.
1083 1861 1216 1911 Atque
1234 1874 1367 1912 arguo,

259 1913 361 1952 Eam
375 1926 437 1951 me
452 1914 586 1952 vidisse
600 1915 831 1952 osculantem
845 1915 909 1953 hic
922 1915 1024 1952 intus
1038 1927 1126 1952 cum
1140 1914 1262 1953 alieno
1276 1915 1368 1954 viro.

261 1969 353 2005 Pac.
374 1967 489 2005 Sci’n'
505 1975 547 2004 tu
562 1968 714 2005 nullum
730 1976 986 2006 commeatum
999 1967 1088 2005 hinc
1104 1980 1181 2005 esse
1195 1981 1217 2005 a
1231 1969 1367 2007 nobis?

1150 2022 1248 2059 Scel.
1276 2022 1373 2061 Scio·

265 2075 351 2111 Pal.
382 2074 520 2124 Neque
543 2075 737 2123 solarium,
761 2088 883 2126 neque
910 2074 1077 2123 hortum,
1107 2073 1179 2112 nisi
1207 2087 1275 2126 per
1297 2075 1381 2114 im·-

425 2127 600 2177 pluvium
610 2128 628 2164 ’Β
