1435 2400
440 109 830 150 MENAEGHMEI.
859 108 910 146 v.
943 110 975 147 1.
1071 94 1079 101 “
1187 106 1261 144 113

143 220 207 258 Tu
225 219 314 266 huc,
333 224 419 268 post
436 217 540 278 hanc
552 216 670 264 diem,
688 215 825 268 pedem
843 215 942 253 intro
960 227 1036 253 non
1054 215 1175 261 ferae3
1205 225 1255 253 ne

140 272 564 374 deofrgszaessssene
581 330 791 361 merentem
809 321 880 359 tibi
898 322 1015 359 habes
1033 269 1252 373 daepioenliii

142 379 231 418 Nisi
248 378 343 417 feres
361 385 577 428 argentum,
596 377 736 414 frustra
753 388 816 413 me
834 375 987 414 ductare
1004 387 1080 412 non
1098 387 1216 426 potoe.

140 432 276 470 Aliam
294 431 449 482 posthac
467 430 650 479 invenito,
670 442 790 481 quam
803 428 994 467 tuhabeas
1012 428 1220 466 frustratui.

140 487 256 524 Blen.
289 484 418 523 Nimis
445 483 638 532 iracunde,
665 482 801 521 hercle.
851 482 1028 520 Tandem
1055 482 1149 520 heus
1176 490 1218 520 tu
1237 484 1247 520 !

304 538 375 575 tibi
392 537 489 587 dieo,
508 550 646 576 mane:
1196 537 1248 573 22

141 592 252 630 Redi.

247 647 360 683 Erot.
399 644 582 683 Etiamne
607 643 766 682 adstas?
794 641 909 681 etiam
935 641 1052 681 audoe
1077 641 1165 681 mei
1192 655 1250 681 re-

354 698 451 736 vorti
469 697 620 748 gratifi?

142 753 255 790 Alea.
281 751 395 790 Abiit
423 751 547 789 intro:
578 749 734 789 ooelusit
763 748 887 788 aedeis.
928 750 1046 788 Nunc
1068 761 1138 801 ego
1163 761 1249 788 sum

298 804 621 843 exclusissmnus.

142 859 281 910 Neque
304 858 423 906 domi,
446 871 571 909 neque
594 857 698 910 apud
720 857 898 905 amimm,
916 855 1046 895 mihi
1031 869 1114 906 Jam
1139 856 1250 908 quid-

301 924 418 963 quam
437 911 612 950 creditur.
1199 913 1251 949 25

91 968 94 969 ⁷
142 965 226 1013 Ibo,
247 973 284 1004 et
301 965 498 1003 consulam
515 965 615 1004 hanc
632 977 712 1002 rem
733 965 888 1010 amieo&
916 963 1010 1016 quid
1027 963 1250 1003 faciundum

298 1025 488 1057 censeant.

408 1171 594 1211 ACTUS
622 1172 674 1210 V.
729 1171 916 1210 SCENA
946 1173 980 1211 Ι.

319 1277 635 1316 Mmfflzclnms
655 1280 828 1318 Sosiclee.
871 1279 1079 1318 Munna.

141 1387 253 1424 Men.
281 1384 412 1424 Nimis
429 1386 543 1424 stulte
560 1384 710 1423 dudum
727 1385 813 1435 feci,
833 1398 951 1438 quom
969 1387 1209 1440 marsupium

142 1438 375 1478 Messenioni
394 1451 483 1477 cum
501 1448 657 1490 argento
675 1439 899 1478 concredidi.

143 1492 339 1531 Immersit
356 1492 486 1544 aliquo
504 1505 583 1531 sese
603 1492 780 1544 (credo)
769 1506 810 1531 m
826 1506 1007 1545 ganeum.

143 1547 253 1584 Mul.
273 1546 485 1594 Provisam,
505 1559 624 1597 quam
641 1559 735 1585 mox
749 1547 807 1585 vir
819 1560 927 1585 meus
942 1547 1071 1587 redeat
1083 1547 1257 1587 domum.

142 1599 220 1639 Sed
238 1612 367 1638 eoeum
386 1599 520 1638 video·
550 1599 655 1638 sdva
673 1613 773 1644 sum,
792 1601 937 1652 pallam
955 1601 1081 1640 refert.
1230 1604 1255 1639 5

142 1655 256 1691 Men.
287 1652 480 1702 Demiror,
499 1653 567 1691 ubi
585 1665 688 1692 nunc
705 1654 875 1693 ambulet
893 1654 1098 1694 Moesemo.

144 1708 256 1745 Mul.
281 1706 429 1755 Adibo,
449 1714 564 1758 atque
582 1707 780 1745 hominem
804 1707 1002 1759 accipiam,
1022 1708 1162 1761 quibus
1178 1708 1258 1748 dic-

304 1760 353 1797 n‘s
371 1767 503 1798 meret.

145 1814 238 1852 Non
257 1820 295 1851 te
311 1812 430 1863 pudet
447 1813 623 1864 prodire
612 1826 652 1851 1n
671 1821 915 1865 conspectum
933 1827 1080 1863 meum,

144 1866 357 1917 Flagitium
374 1866 554 1916 hominis,
574 1880 663 1906 cum
681 1868 774 1907 istoc
791 1875 927 1907 ornatu
942 1870 960 1907 ?

903 1923 1017 1961 Men.
1045 1921 1154 1970 Quid
1173 1929 1250 1960 est
1240 1921 1257 1945 ⁹

147 1973 249 2022 Quae
268 1985 326 2011 res
344 1972 463 2023 agitat
480 1980 532 2023 τε,
551 1974 724 2013 mulier?

610 2029 719 2066 Mul.
748 2028 942 2076 Etiamne,
961 2027 1178 2080 impudens,
1212 2028 1260 2065 10

151 2080 316 2119 Muttire
333 2091 456 2118 unum
477 2082 635 2119 verbum
649 2081 780 2131 audoe,
801 2090 869 2121 aut
885 2095 1038 2121 mecum
1056 2082 1193 2134 loqui?

151 2135 266 2174 Men.
293 2133 402 2224 (guad
419 2133 575 2223 tandem
592 2134 756 2175 admisi
745 2148 786 2175 m
808 2149 885 2187 me,
911 2144 956 2175 ut
973 2136 1080 2189 loqui
1097 2147 1174 2174 non
1193 2146 1261 2173 au-

337 2199 422 2226 aetn

1037 2241 1110 2280 1.3
