1435 2400
286 71 464 111 MILES
495 73 828 112 GLORIOSUS.
858 73 916 111 ΙΙ.
946 75 985 111 5.
1113 71 1187 110 211

73 179 164 217 Pal.
207 177 320 215 Nihil
355 191 483 217 moror
513 179 751 230 negotiosum
783 178 879 217 mihi
911 191 989 218 esse
1021 186 1182 230 tergum.

232 230 314 278 Qui
333 232 410 269 scio
1131 233 1182 276 37

69 284 136 322 An
156 283 228 322 ista
249 296 326 322 non
352 285 401 322 sit
426 285 765 332 Philocomasium,
792 294 906 337 atque
930 284 1004 323 alia
1028 286 1108 335 ejus
1134 285 1183 323 si-

232 338 336 375 milis
358 338 434 376 sit?

70 391 181 428 Phi-l.
211 390 339 429 Mittis
356 403 432 439 me,
452 404 501 429 an
520 405 596 430 non
615 392 736 430 mittis
750 395 767 430 ἓ

320 446 417 483 Scel.
451 446 595 491 Immo,
615 446 653 483 vi
671 453 785 497 atque
802 445 977 490 invitam,
996 445 1182 495 ingratiis,

71 498 160 536 Nisi
177 498 371 537 voluntate
389 499 476 546 ibis,
496 499 643 550 rapiam
658 506 695 537 te
713 500 883 536 domum.

605 554 715 590 Phil.
745 552 901 591 Ostium
919 551 990 589 hoc
1007 551 1104 588 mihi
1132 554 1183 590 40

69 604 321 644 Domicilium
335 606 382 643 ’st
396 619 406 642 :
428 605 595 644 Athenis
609 606 746 644 domus
760 619 803 644 ac
816 605 943 643 herus.
971 605 1058 655 Ego
1069 605 1180 642 istam

229 659 390 696 domum

71 710 208 762 Neque
232 725 383 756 moror;
413 724 537 763 neque
565 726 645 760 vos,
672 713 739 763 qui
760 712 932 750 homines
957 711 1052 758 sitis,
1078 712 1179 760 novi,

229 778 353 816 neque
371 766 459 803 scio.

70 820 166 857 Scel.
196 819 302 870 Lege
320 819 446 869 agito:
476 826 513 857 te
531 832 722 897 nusquam
743 820 910 867 mittam,
934 818 1006 857 nisi
1031 818 1097 857 das
1115 819 1179 857 fir-

230 879 376 910 matam
395 872 526 918 fidem,

74 925 134 964 Te
152 925 242 973 huc,
267 926 300 964 si
318 926 493 973 omisero,
513 926 612 963 intro
630 926 784 964 ituram.

517 980 627 1016 Phil.
656 979 709 1017 Vi
728 992 790 1016 me
809 978 923 1029 cogis,
943 978 1115 1030 quisquis
1133 993 1184 1018 es.

70 1033 134 1070 Do
165 1032 295 1078 fidem,
328 1033 361 1070 si
391 1033 548 1078 omittis,
579 1032 672 1070 istoc
703 1045 766 1070 me
793 1032 893 1070 intro
917 1032 1072 1079 ituram,
1105 1046 1183 1084 quo

225 1087 347 1134 jubes.
1128 1088 1179 1127 45

70 1140 167 1177 Scel.
195 1139 309 1185 Eece,
329 1139 475 1177 omitto.

324 1194 432 1230 Phil.
462 1193 520 1230 At
538 1204 607 1243 ego
625 1193 719 1229 abeo
737 1192 863 1230 missa.

627 1247 724 1284 Scel.
755 1243 940 1283 Muliebri
958 1243 1075 1282 fecisti
1094 1245 1180 1284 fide.

71 1302 161 1339 Pal.
202 1299 387 1346 Sceledre,
411 1299 591 1337 manibus
612 1298 770 1336 amisisti
790 1298 972 1350 praedam.
1011 1297 1114 1336 Tam
1140 1312 1183 1337 w.

231 1361 301 1399 est,
322 1366 440 1404 quam
459 1353 571 1404 potis,

70 1408 212 1446 Nostra
235 1407 364 1445 herilis
388 1406 610 1445 concubina.
648 1405 756 1444 Vi’n'
784 1413 825 1443 tu
853 1405 974 1443 facere
997 1404 1069 1443 hoc
1094 1414 1184 1445 stre-

230 1463 337 1498 nue?

74 1516 172 1554 Scel.
199 1513 309 1561 Quid
325 1513 491 1552 faciam?

232 1568 320 1605 Pal.
347 1567 458 1606 Affer
475 1567 571 1605 mihi
589 1566 817 1605 machaeram
835 1566 913 1604 huc
931 1565 1045 1605 intus.

723 1623 822 1660 Scel.
850 1619 957 1667 Quid
976 1620 1088 1659 facies
1107 1621 1151 1659 ea
1165 1624 1183 1660 Ρ

71 1677 163 1713 Ραῑ.
194 1676 302 1713 Intro
325 1687 505 1726 rumpam
531 1674 633 1713 recta
664 1674 704 1712 in
735 1674 870 1719 aedeis;
900 1686 1093 1725 quemque
1119 1674 1184 1713 hic

231 1728 334 1766 intus
352 1728 480 1767 videro
1130 1730 1183 1766 50

73 1782 176 1821 Cum
196 1781 473 1820 Philocomasio
491 1781 740 1828 osculantem,
756 1794 845 1820 eum
863 1793 933 1831 ego
951 1781 1184 1819 obtruncabo

233 1835 463 1885 extempulo.

75 1890 172 1929 Scel.
201 1888 343 1926 visane
361 1896 418 1926 oet
435 1901 480 1926 ea
497 1902 574 1927 ωδε
585 1888 603 1924 ?

343 1943 434 1979 Pal.
457 1942 599 1990 Immo,
619 1941 789 1993 (edepol)
806 1941 919 1993 plane
937 1954 981 1978 ea
999 1947 1067 1978 aet.
1110 1941 1185 1980 Sed

450 1995 641 2046 quomodo

75 2048 377 2088 Dissimulabat!
404 2048 510 2093 Abi;
541 2048 769 2087 machaeram
787 2047 864 2085 huc
881 2047 980 2085 effer.

644 2103 742 2140 Scel.
775 2103 803 2140 J
806 2114 884 2149 am,
899 2100 1004 2148 faxo,
1023 2101 1087 2138 hic
1104 2100 1185 2139 erit.
