1435 2400
252 37 333 75 348
634 36 832 77 PERSA.
861 37 936 76 IV.
964 38 1004 77 4.

253 144 311 183 Ut
330 143 399 182 tibi
417 142 627 194 percontari
644 144 770 192 liceat,
790 157 876 195 quae
894 144 1008 183 velis:
1043 143 1111 183 etsi
1129 142 1226 181 mihi
1313 141 1362 180 51

253 197 368 235 Dixit
389 197 478 234 dare
496 203 719 247 potestatem
741 199 822 247 ejus
839 213 848 235 :
880 198 944 236 sed
963 211 1033 250 ego
1050 206 1087 236 te
1104 197 1207 235 malo
1225 203 1353 234 tamen

253 250 360 289 Eum
379 250 508 302 ipsum
526 249 642 297 adire,
662 259 706 290 ut
725 263 774 289 ne
790 259 1006 290 contemnat
1024 259 1061 289 te
1078 251 1156 289 ine.

840 307 964 343 Dord.
995 304 1095 344 Satis
1112 311 1211 343 recte
1228 315 1372 342 mones.

257 358 422 409 Hospes,
443 356 529 395 volo
547 369 618 407 ego
634 358 732 396 hanc
750 359 971 408 percontari.

616 413 710 460 Sag.
738 412 779 449 A
799 412 898 450 terra
916 412 964 450 ad
983 411 1136 459 coelum,
1154 409 1249 462 quid
1266 409 1374 448 lubet

259 465 511 510 Percontare;
541 465 696 516 exquire
715 465 877 516 quidvis.

471 519 567 557 Tox.
596 518 700 569 Age,
719 531 790 569 age
807 531 910 557 nunc
928 526 995 563 ως
1025 518 1160 570 iprae:
1190 515 1291 564 vide,
1319 517 1372 554 55

259 573 317 611 Ut
333 571 543 623 ingrediare
562 572 766 622 auspioeto.

588 626 715 663 Dord.
744 625 959 677 Liquidum
978 626 1026 664 'st
1043 623 1270 677 auspicium.

1135 679 1230 716 Tox.
1263 675 1378 716 Tace.

261 732 436 772 Concede
454 732 531 776 sis;
557 732 640 781 jam
660 743 729 782 ego
746 732 855 770 illam
873 733 1073 771 adducam.

474 785 602 823 Dord-
628 785 732 835 Age,
751 794 794 824 ut
812 798 893 824 rem
912 799 989 824 esse
1006 785 1047 823 in
1066 792 1234 824 nostram
1250 789 1379 834 putas.

268 841 366 878 Toae.
395 840 561 890 Sequere
589 850 664 875 me.
719 839 887 878 Adduco
914 839 1028 887 hanc,
1063 839 1094 877 si
1122 837 1217 890 quid
1244 837 1302 875 vis
1327 849 1377 875 ex

418 892 489 930 hac
508 891 772 942 percontarier.

263 947 390 985 Dord.
421 945 541 984 Enim
560 945 645 982 volo
664 952 701 983 te
719 945 857 985 adesse.

544 1000 642 1037 Tox.
676 998 797 1037 Haud
815 1013 986 1051 possum,
1007 999 1102 1052 quin
1118 997 1208 1037 huic
1226 1009 1380 1048 operam

656 1051 745 1091 dem
762 1052 918 1104 hospiti,

264 1105 370 1155 Quoi
389 1106 502 1171 hem?
520 1105 650 1187 ⁹jussit.
707 1105 817 1153 Quid
846 1108 876 1145 si
900 1108 964 1146 hic
981 1119 1058 1145 non
1077 1105 1157 1144 volt
1174 1118 1237 1144 me
1253 1103 1382 1143 adaese

426 1171 506 1197 una
520 1190 529 1197 ο
563 1214 658 1262 Sag.
688 1213 832 1262 Immo,
852 1215 867 1253 i
885 1213 1009 1253 modo.
1331 1210 1385 1248 60

275 1269 372 1305 Tox.
398 1266 462 1304 Do
482 1278 551 1318 ego
570 1267 640 1304 tibi
659 1279 824 1317 operam.

593 1322 721 1358 Dord.
750 1321 844 1360 Tibi
863 1321 1006 1359 ibidem
1026 1321 1107 1370 das,
1127 1319 1197 1358 ubi
1215 1325 1258 1357 tu
1274 1324 1387 1356 tuum

701 1376 870 1414 amicum
888 1375 1058 1424 adjuvas.

279 1429 375 1466 Tox.
399 1427 585 1479 Exquire.
643 1428 754 1466 Heus
772 1430 839 1466 tu!
872 1429 1049 1479 advigila-

529 1483 642 1531 Virg.
670 1482 770 1520 Satis
789 1490 843 1521 est
862 1482 1033 1520 dictum:
1063 1491 1300 1532 quamquam
1319 1491 1389 1530 ego

643 1548 752 1574 serva
769 1549 872 1583 sum,

273 1587 360 1626 Scio
377 1600 447 1638 ego
471 1588 638 1627 officium
670 1601 817 1636 meum,
848 1596 905 1637 ut,
931 1601 1018 1639 quae
1045 1587 1195 1638 rogitet,
1215 1599 1317 1636 vera,
1345 1593 1391 1624 ut

434 1642 573 1693 accepi,
595 1642 762 1693 eloquar.

278 1695 376 1733 Tox.
403 1694 538 1745 Virgo,
558 1695 621 1733 hic
637 1695 753 1733 homo
770 1697 952 1746 probu'st.

497 1750 610 1798 Virg.
638 1748 773 1786 Credo.

681 1804 777 1840 Tox.
806 1803 898 1841 Non
917 1803 984 1841 diu
1003 1803 1107 1854 apud
1123 1803 1227 1842 hunc
1245 1801 1393 1840 servies.

283 1856 397 1904 Virg.
426 1854 490 1892 Ita
519 1854 628 1905 (pol)
657 1868 780 1907 spero,
809 1857 841 1895 si
867 1864 1041 1909 parentes
1063 1856 1203 1895 facient
1225 1854 1393 1945 οΗίσίἛ

439 1919 567 1945 suum.

276 1960 405 1999 Dord.
423 1961 528 1999 Nolo
542 1975 611 2013 ego
625 1970 662 2000 te
675 1963 820 2011 mirari,
838 1964 868 2001 si
887 1976 956 2002 nos
971 1976 1019 2002 ex
1034 1971 1072 2002 te
1086 1962 1393 2015 percontabimur

277 2015 363 2053 Aut
380 2015 543 2066 patriam
561 2023 684 2062 tuam,
705 2025 771 2055 aut
788 2018 988 2068 parenteis.

640 2072 752 2120 Vir-g.
780 2071 859 2109 Cur
877 2084 947 2122 ego
965 2071 1006 2108 id
1023 2071 1151 2118 mirer,
1171 2070 1228 2109 mi
1244 2070 1390 2108 homo?

278 2122 448 2161 Servitus
466 2135 552 2161 mea
569 2123 667 2161 mihi
683 2123 892 2172 interdixit„
914 2137 961 2162 ne
979 2124 1073 2175 quid
1091 2124 1205 2162 mirer
1222 2135 1354 2162 meum
