1435 2400
488 107 769 147 EPIDICUS.
802 106 876 144 IV.
906 107 944 143 2.
1217 103 1268 141 69

903 211 1010 249 Phil.
1041 212 1146 250 Tun'
1165 211 1197 249 is
1217 223 1269 256 es,

89 309 94 314 ,
155 268 250 317 Qui,
284 282 351 320 per
377 269 613 319 voluptatem
642 274 763 312 tuam,
792 266 834 303 in
865 279 928 303 me
961 277 1171 303 aerumnam
1203 265 1272 301 ob·

315 322 442 361 sevisti
459 320 643 372 gravem?
1214 317 1267 354 30

158 375 316 426 Periph.
345 377 433 426 Ego
452 388 552 412 sum.
606 374 730 413 Salve.

464 429 569 465 Phil.
599 428 714 466 Salva
733 439 833 475 sum,
854 426 945 478 quia
965 433 1002 464 te
1021 438 1076 463 ess
1079 437 1099 462 e
1118 424 1267 461 salvum

582 481 713 519 sentio.

157 536 315 586 Periplz.
345 535 450 574 Cedo
467 547 641 573 manum.

405 588 508 626 Phil.
537 586 695 639 Accipe.
751 588 1026 625 AErumnosam
1046 594 1084 624 et
1101 584 1271 623 miseria-

527 654 615 680 rum
635 649 846 692 compotem

154 695 362 734 Mulierem
381 695 528 734 retines.

276 748 368 786 Peri
365 750 435 799 ph
464 749 573 797 Quid
591 756 659 795 est,
680 748 783 799 quod
801 748 926 786 voltus
946 760 985 785 se
1002 747 1131 785 turbat
1149 752 1238 783 tuus
1253 747 1271 782 1>

155 802 260 841 Phil.
289 802 446 850 Pistam,
467 815 585 854 quam
605 815 652 840 ex
671 809 708 839 te
727 801 938 852 suscepi..
958 827 968 837 .
989 828 998 838 .

515 855 636 906 Perip
637 857 676 894 h.
706 855 814 902 Quid
833 867 941 892 eam
932 856 949 881 ’θ

760 908 865 945 Phil.
893 907 1088 945 Eductam
1106 905 1271 956 perdidi.

155 962 343 1002 Hostium
363 970 418 1002 est
435 963 567 1015 potita.

439 1017 596 1066 Periph.
626 1017 740 1055 Habe
759 1015 932 1053 animum
951 1015 1091 1062 lenem,
1113 1021 1150 1052 et
1168 1020 1273 1051 tran-

555 1070 721 1121 quillum
740 1069 845 1106 face:
1216 1067 1269 1104 35

154 1123 275 1160 Domi
303 1136 400 1161 meae
422 1135 547 1161 eccam
577 1123 721 1160 salvam
749 1130 786 1159 et
814 1133 958 1158 sanam.
1014 1121 1136 1169 Nam,
1163 1127 1270 1170 post·

316 1189 432 1227 quam
452 1176 581 1214 audivi
599 1175 701 1213 illico

154 1230 218 1268 Ex
243 1242 328 1267 meo
347 1242 465 1275 servo,
492 1229 599 1266 illam
618 1241 697 1266 esse
716 1227 919 1279 captivam,
939 1227 1117 1265 continuo
1135 1238 1270 1277 argen-

315 1290 398 1320 tum
418 1282 519 1329 dedi,

153 1337 210 1375 Ut
229 1344 426 1374 emeretur.
482 1336 556 1374 Ille
571 1348 655 1373 eam
674 1348 754 1373 rem
774 1334 867 1372 adeo
887 1334 1008 1372 sobrie
1023 1341 1060 1371 et
1073 1332 1270 1383 frugaliter

152 1389 373 1436 Accuravit,
393 1397 437 1426 ut
456 1389 547 1426 alias
565 1402 623 1426 res
642 1396 697 1426 est
718 1389 889 1439 impense
906 1387 1119 1438 improbus.

154 1442 260 1480 Phil.
286 1443 364 1480 Fac
382 1442 546 1489 videam,
567 1442 598 1480 si
616 1455 678 1479 me
697 1441 764 1479 vis.

396 1495 555 1545 Perz'ph.
586 1495 699 1533 Eho.
690 1496 698 1520 '
730 1494 854 1542 istinc,
877 1493 1082 1541 Canthara,
1099 1494 1193 1542 jube
1217 1494 1270 1530 40

153 1550 291 1588 Statim
313 1548 545 1588 Telestidem
565 1549 714 1599 prodire
731 1548 851 1586 filiam
871 1555 958 1585 ante
976 1547 1088 1585 aedeis
1106 1559 1249 1593 meam,

154 1603 212 1642 Ut
229 1615 338 1641 suam
357 1603 482 1640 videat
498 1610 672 1640 matrem.

335 1655 439 1694 Phil.
466 1655 667 1707 Remigrat
685 1655 837 1693 animus
856 1666 958 1692 nunc
976 1653 1134 1692 demum
1153 1653 1263 1692 mihi.

403 1816 590 1855 ACTUS
619 1817 695 1855 IV.
751 1815 936 1854 SCENA
966 1815 1026 1854 ΙΙ.

272 1922 509 1959 lecmA.
550 1923 870 1960 PERIPHANES.
911 1923 1161 1960 PHILIPPA.

158 2032 251 2070 Fid.
281 2027 388 2076 Quid
407 2034 475 2075 est,
495 2037 616 2079 pater,
637 2029 740 2081 quod
758 2041 820 2066 me
838 2028 1007 2066 excivisti
1024 2035 1111 2065 ante
1130 2027 1242 2065 aedeis
1256 2028 1274 2063 't'

719 2082 879 2131 Periph.
908 2082 965 2120 Ut
982 2088 1144 2118 matrem
1164 2088 1271 2117 tuam

159 2137 320 2183 Videas,
335 2135 461 2182 adeas,
477 2134 690 2173 advenienti
704 2135 770 2172 des
784 2136 945 2173 salutem
960 2142 1075 2185 atque
1089 2133 1275 2172 osculum.

165 2192 259 2229 Fid.
289 2189 422 2237 Quam
440 2201 567 2227 meam
586 2187 776 2226 matrem?
