1435 2400
237 73 316 111 206
440 71 617 113 MILES
648 70 982 112 GLORIOSUS.
1010 70 1070 111 11.
1095 72 1136 110 4.

380 181 472 218 Scel.
502 180 615 219 Hanc
633 193 712 219 rem
731 192 843 231 gero:
873 179 995 218 habeo
1013 178 1159 218 aureis:
1193 179 1347 230 loquere

528 234 664 272 uidvis.
1317 234 1342 269 5

238 287 330 323 Pal
362 285 485 324 Credo
501 247 601 337 ἓὲο
591 287 682 325 istoc
701 286 875 337 exemplo
894 287 964 325 tibi
989 298 1068 324 esse
1089 285 1258 324 eundum
1281 298 1343 324 ac-

396 346 522 377 tutum
524 319 648 378 ”extra
665 348 826 391 portam,
881 354 885 357 ·
913 354 915 356 ·
961 348 980 365 ⁴⁴

236 391 424 443 Dispessis
443 392 617 432 manibus
635 393 850 445 patibulum
871 405 987 443 quom
1005 392 1173 430 habebis.

732 445 739 452 '
806 447 898 484 Sccl.
926 446 1147 493 Quamnam
1167 447 1215 483 ob
1234 444 1345 483 rem?

238 500 328 536 Pal.
352 499 514 549 Respice
528 497 621 536 dum
642 497 690 536 ad
703 498 863 536 laevam.
887 499 972 549 quis
992 499 1088 536 illaec
1107 506 1162 536 est
1179 497 1344 536 mulier?

766 554 862 590 Scel.
884 553 974 601 Pro,
996 552 1062 590 Dii
1083 551 1340 590 immortales!

238 605 335 643 Heri
353 605 562 643 concubina
581 605 628 642 ‘st
645 604 725 642 haee
744 605 909 655 quidem.

571 659 660 695 Pal.
689 658 791 695 Mihi
811 672 962 710 quoque
982 659 1088 711 (pol)
1108 658 1162 695 ita
1181 657 1342 696 videtur.

235 711 324 762 Age
342 723 448 750 nunc
464 713 560 761 jam,
581 711 733 762 quando
751 712 867 749 lubet.

556 766 651 802 Scel.
680 764 786 811 Quid
805 778 915 815 agam
931 767 948 803 :³

802 820 892 856 Pal.
924 818 1011 856 Peri
1029 830 1264 869 perpropere.
1296 817 1345 856 10

236 872 346 909 Phil.
366 871 445 910 Ubi
458 871 527 909 iste
542 873 662 909 bonus
676 883 815 915 servus,
827 872 894 922 qui
908 872 1072 923 propudi
1088 884 1151 910 me
1164 884 1347 909 maxume

394 925 630 962 innocentem

235 977 348 1015 Falso
365 977 627 1015 insimulavit?

363 1032 455 1068 Pal.
485 1031 590 1068 Hem
612 1030 680 1068 tibi
697 1031 706 1067 !
739 1030 817 1068 Hic
835 1031 931 1068 mihi
947 1031 987 1068 id
1006 1031 1115 1068 dixit.

777 1085 886 1122 Phil.
917 1084 1023 1131 Tibi,
1045 1086 1204 1135 quaeso?
1233 1083 1346 1121 Dixti

237 1136 381 1175 Tuten'
409 1137 545 1175 vidisse
571 1136 611 1174 in
640 1150 829 1188 proxumo
854 1138 931 1187 hic,
958 1138 1123 1186 sceleste,
1153 1150 1216 1176 me
1237 1149 1346 1176 oscu-

394 1191 535 1228 lantem
547 1190 565 1226 ?

237 1245 327 1282 Pal.
357 1244 491 1296 Atque
509 1256 598 1282 cum
617 1243 739 1282 alieno
757 1245 1049 1291 adolescentulo,
1069 1243 1179 1281 dixit.

819 1300 917 1337 Scel.
944 1297 1042 1336 Dixi
1059 1296 1227 1347 (hercle)
1247 1309 1346 1335 vero.

238 1351 349 1388 Phil.
375 1350 481 1387 Tun’
500 1362 563 1388 me
580 1350 737 1389 vidisti?

450 1404 550 1441 Scel.
582 1404 716 1455 Atque
735 1404 794 1442 his
813 1405 969 1456 quidem
988 1403 1119 1442 oculis.

818 1460 925 1496 Phil.
956 1457 1121 1501 Carebis,
1142 1456 1265 1505 credo,
1298 1456 1346 1493 15

239 1508 322 1556 Qui
339 1509 426 1559 plus
445 1508 584 1553 vident,
604 1522 721 1561 quam
741 1511 843 1561 quod
861 1511 1002 1553 vident,

577 1565 669 1601 Scel.
697 1563 912 1615 Nunquam
929 1562 1103 1615 (hercle)
1121 1563 1345 1610 deterrebor,

237 1613 346 1662 Quin
364 1614 524 1652 viderim
543 1616 583 1653 id
601 1616 705 1666 quod
724 1617 894 1654 viderim.

608 1671 718 1707 Phil.
747 1670 834 1720 Ego
852 1670 968 1708 stulta
986 1677 1022 1708 et
1039 1683 1146 1708 mora
1161 1670 1345 1718 multum,

233 1720 336 1768 Quae
367 1733 456 1759 cum
484 1721 555 1760 hoc
585 1722 716 1760 insano
744 1723 937 1761 fabulem·
926 1752 937 1761 .
982 1736 1098 1775 quem
1133 1722 1244 1775 (pol)
1278 1735 1348 1774 ego

399 1775 530 1825 capitis
550 1775 718 1826 perdam.

235 1829 335 1867 Scez.
364 1828 459 1866 Noli
487 1829 680 1883 minitari:
711 1830 786 1868 scio
804 1843 950 1869 crucem
971 1830 1142 1868 futuram
1164 1829 1262 1868 mihi
1286 1841 1344 1867 se-

398 1882 600 1932 pulcrum:

234 1934 297 1972 Ibi
333 1936 409 1972 mei
439 1936 599 1985 majores
631 1943 720 1974 sunt
747 1936 832 1984 siti3
869 1944 990 1989 pater,
1023 1949 1131 1985 avus,
1167 1948 1344 1987 prowm,

393 1990 547 2027 abavus.
1290 1990 1344 2026 20

232 2041 324 2078 Non
342 2049 500 2092 possunt
517 2042 614 2080 mihi
633 2043 802 2082 minaciis
820 2043 896 2081 tuis
914 2043 998 2082 hice
1015 2043 1115 2082 oculi
1132 2041 1259 2080 fodiri.

233 2094 309 2132 Sed
326 2095 456 2146 paucis
471 2097 592 2134 verbis
610 2104 647 2135 te
665 2097 765 2141 volo,
787 2097 995 2136 Palaestrio.
1041 2097 1222 2146 Obsecro,
1240 2094 1342 2133 unde

238 2147 333 2185 Haec
352 2150 431 2186 exit
449 2149 551 2186 huc?
