1435 2400
204 69 280 106 122
485 64 874 106 MENAECHMEI.
903 65 957 106 V.
983 69 1022 105 5.

202 175 265 214 Ita
281 186 349 225 ego
366 174 478 213 inum
497 187 585 212 cum
603 174 694 213 cura
714 173 856 224 magna
874 174 1012 211 curabo
1029 171 1110 211 tibi.
1256 173 1307 210 16

203 231 292 267 Seu.
320 229 453 280 Atque
471 241 600 267 eccum
619 229 747 278 ipsum
764 227 971 265 hominem.

543 283 656 319 Med.
686 280 955 329 observemus,
975 292 1092 332 quam
1109 290 1191 317 rem
1206 285 1307 330 agat.

466 440 651 479 ACTUS
680 441 731 478 V.
787 438 971 478 SCENA
998 439 1050 478 V.

251 546 568 584 MENAECHMUS
587 552 804 596 surreptus.
841 546 1014 585 Senex.
1051 545 1284 583 Memcus.

208 651 672 743 Men.Eg‹1-;·l1]›lol‚bnaem3hic
689 652 767 690 dies
784 663 985 703 pervorsus
1001 658 1114 703 atque
1132 650 1313 690 advorsus

479 718 500 743 0
528 714 613 756 t1g1t

208 757 309 805 Quae
344 770 406 796 me
438 759 537 796 clam
570 767 676 796 ratus
712 770 798 796 sum
828 758 962 802 facere,
993 770 1038 796 ω
1067 757 1197 796 omnia
1225 757 1315 796 fecit

210 812 505 916 Pamsitffisffl
523 877 586 903 me
604 864 807 916 complevit
821 864 942 915 flagin
960 870 998 901 et
1014 863 1254 911 formidinis3

209 917 326 955 Meus
345 917 514 968 fflyssae,
533 931 601 956 suo
619 918 687 970 qui
704 918 782 969 regi
800 925 950 955 tantum
968 917 1127 955 concivit
1145 919 1249 957 mali.

209 969 339 1017 Quem
358 983 427 1020 ego
445 971 655 1018 hominm
675 971 708 1008 si
725 970 880 1022 quidem
899 970 1002 1018 vivo,
1020 970 1101 1008 vita
1117 970 1316 1010 devolvam

210 1076 286 1114 Sed
308 1024 539 1136 εςοςῖὲῗιῠωε
565 1090 666 1126 sum,
687 1077 756 1129 qui
784 1076 888 1115 illius
917 1089 995 1115 esse
1013 1075 1110 1125 dieo,
1130 1091 1217 1129 quae
1233 1027 1320 1116 mg

371 1138 430 1167 slt.

211 1181 305 1220 Meo
319 1182 402 1220 cibo
417 1191 453 1222 et
467 1191 597 1222 sumtu
612 1183 822 1222 educatu'st
837 1197 846 1220 ε
869 1182 998 1221 anim&
1013 1183 1168 1234 privabo
1182 1184 1319 1223 virum.

212 1234 410 1286 Condigne
428 1247 557 1275 autem
582 1238 663 1276 haec
682 1237 859 1276 meretrix
876 1237 978 1284 fecit,
1005 1244 1048 1275 ut
1065 1249 1148 1276 mos
1166 1245 1221 1276 est
1238 1251 1322 1276 me

214 1341 316 1385 Quia
343 1291 617 1394 τοιέεξήξαῗῗῆω,
641 1351 687 1383 ut
713 1343 896 1381 resemtur
912 1355 1065 1382 rursum
1089 1343 1138 1381 ad
1161 1356 1323 1382 uxorem

214 1448 319 1486 Mihi
346 1409 636 1488 semeeffiliedisse.
690 1449 808 1488 Heu'
839 1449 985 1501 edepol,
1010 1461 1085 1497 nae,
1115 1462 1186 1501 ego
1206 1450 1323 1489 homo

373 1502 459 1540 vivo
477 1503 615 1540 miser!
1272 1505 1322 1542 lo

215 1556 305 1593 Sen.
333 1555 497 1593 Audi'n’
518 1569 605 1607 quae
621 1555 791 1606 loquitur
805 1557 823 1594 ?

534 1610 647 1648 Med.
674 1610 724 1648 Se
740 1608 922 1648 miserum
939 1608 1130 1660 praedioet.

929 1665 1019 1701 Ser’z.
1046 1662 1177 1701 Adeas
1193 1663 1322 1702 velim.

217 1714 331 1753 Med.
359 1714 496 1753 Salvus
521 1715 586 1764 sis,
608 1715 864 1754 Menaechme.
919 1716 1074 1766 Quaaeo,
1094 1729 1160 1755 cur
1178 1725 1326 1768 apertas

377 1768 574 1807 brachium
589 1771 606 1808 ?

216 1821 310 1860 Non
340 1832 382 1859 tu
410 1822 495 1871 scis,
521 1829 711 1874 quantum
738 1822 801 1861 isti
829 1825 963 1862 morbo
988 1836 1093 1863 nunc
1117 1830 1186 1862 tuo
1210 1824 1325 1863 facias

218 1930 334 1968 Men.
361 1928 469 1976 Quin
488 1936 531 1967 tu
550 1935 586 1967 te
604 1929 802 1981 suspendis
817 1932 836 1969 ἓ

624 1984 716 2023 Seu.
744 1983 898 2035 Ecquid
915 1984 1060 2023 sentis?

835 2039 949 2077 Med.
975 2037 1123 2086 Quidni
1140 2037 1329 2077 sentiam?

220 2088 314 2127 Non
332 2095 455 2140 potest
471 2089 553 2128 haee
570 2102 629 2129 res
646 2089 860 2130 hellebori
845 2104 981 2143 jugere
997 2091 1209 2132 ohtinetier.
1280 2093 1330 2130 15

219 2142 296 2181 Sed
311 2142 404 2194 quid
422 2142 491 2191 ais,
508 2142 778 2182 Menaechme?
