1435 2400
480 96 761 136 EPIDICUS.
796 97 828 134 Ι.
862 97 895 133 l.
1191 95 1244 131 45

137 203 257 252 Epid.
286 201 442 253 Jupiter
459 209 498 240 te
515 201 692 252 perduit!

460 257 571 293 Thes.
600 256 718 294 Mitte
735 267 837 293 nime
852 256 934 304 jam
949 269 959 292 ε
990 267 1081 292 nam
1099 255 1165 292 ille
1183 267 1245 292 me

560 309 679 346 vetuit
701 309 860 347 domum

134 361 299 400 Venire:
330 361 379 399 ad
402 361 666 400 Chaeribulum
687 362 801 412 jussit
825 362 901 400 huc
922 361 963 399 in
984 373 1217 413 proxumum
1231 375 1242 397 :

292 415 346 454 ibi
363 428 516 453 manere
530 415 654 465 jussit.
1195 415 1246 451 65

135 469 196 506 Eo
214 468 429 507 venturu'st
447 469 539 519 ipse.

294 524 415 573 Epid.
447 522 553 567 Quid
574 523 651 561 ita.
641 525 661 550 ⁹

511 577 624 614 Thes.
653 576 806 615 Dicam.
846 577 950 620 Quia
972 582 1119 626 patrem
1138 573 1244 625 prius

135 629 184 667 Se
197 629 395 667 convenire
412 642 488 667 non
507 630 599 678 volt,
620 642 744 682 neque
757 629 977 682 conspioesi,
991 641 1110 679 quam
1127 627 1168 665 id
1185 640 1245 665 ar-

292 690 469 733 gentum,

134 735 251 780 Quod
269 735 426 774 debetur
442 749 511 788 pro
529 737 610 784 issa,
632 737 938 776 dinumeraverit.

450 792 571 840 Epid.
597 791 689 829 Heu
709 791 880 842 (edepol)
897 802 957 828 res
975 789 1214 827 turbulentas
1229 788 1239 825 Ξ

140 845 251 881 Thes.
281 842 399 881 Mitte
416 856 493 891 me,
510 853 554 882 ut
572 856 655 882 eam
675 857 777 882 nunc
792 846 887 893 jam.

369 899 489 946 Epid.
519 898 698 936 Haeccine
715 898 783 936 ubi
802 898 911 937 scibit
929 909 1044 936 senex
1057 898 1075 934 ἓ
1103 895 1246 946 puppis

134 949 356 1001 [Pereunda
368 950 434 1001 ’st]
454 952 584 1000 probe.

566 1006 676 1042 Thes.
711 1004 816 1049 Quid
834 1005 930 1043 istuc
948 1004 997 1041 ad
1014 1017 1077 1041 me
1095 1001 1243 1048 attinet,

685 1071 762 1108 quo
780 1066 823 1095 tu
841 1058 999 1095 intereas
1013 1057 1127 1094 modo
1141 1058 1158 1093 Ρ
1192 1057 1245 1099 70

132 1110 251 1159 Epid.
276 1109 380 1153 Quia
397 1110 517 1161 perire
529 1111 632 1148 solus
646 1112 749 1157 nolo,
765 1119 802 1148 te
820 1111 932 1162 cupio
946 1110 1066 1161 perire
1077 1120 1244 1155 mecum,

133 1163 370 1201 Benevolens
389 1175 477 1200 cum
495 1164 751 1204 benevolente.

339 1217 451 1253 Thes.
482 1216 565 1254 Abi
582 1216 623 1254 in
641 1217 783 1254 malam
801 1229 882 1254 rem
898 1228 1124 1254 maxumam
1143 1228 1166 1253 a
1183 1226 1246 1252 me

134 1268 235 1306 Cum
254 1268 345 1307 istac
363 1269 588 1307 conditione.

463 1323 584 1372 Epid.
611 1323 633 1361 Ι
653 1336 756 1370 sane,
777 1323 807 1361 si
826 1323 919 1374 quid
937 1322 1091 1360 festinas
1108 1320 1244 1371 magis.

139 1376 249 1413 Thes.
282 1375 497 1426 Nunquam
514 1375 710 1414 hominem
729 1388 962 1427 quemquam
982 1375 1153 1423 conveni,
1172 1386 1247 1412 un-

290 1428 338 1466 de
354 1429 513 1467 abierim
530 1429 735 1467 lubentius.

133 1483 251 1532 Epid.
281 1482 369 1520 Illic
386 1482 475 1520 hinc
492 1482 609 1520 abiit:
639 1483 742 1521 solus
760 1496 799 1521 es
821 1494 935 1520 nunc.
982 1481 1073 1530 Quo
1097 1482 1137 1519 in
1162 1482 1244 1520 loeo

289 1535 370 1573 haec
388 1549 446 1573 res
464 1536 525 1582 sit,
546 1536 664 1584 vidae,
1190 1536 1242 1579 75

130 1587 291 1640 Epidice
305 1603 316 1625 ε
337 1589 410 1626 nisi
428 1589 522 1639 quid
539 1589 608 1627 tibi
620 1590 660 1627 in
678 1596 753 1628 tete
765 1591 887 1628 auxili
900 1589 961 1636 ’st‚
977 1591 1178 1627 absumtus
1193 1601 1246 1627 es.

133 1641 272 1679 Tantae
288 1642 329 1679 in
347 1650 383 1680 te
401 1642 621 1693 impendent
635 1643 780 1688 ruinae3
801 1643 874 1681 nisi
888 1642 1057 1681 suffulcis
1069 1642 1243 1689 firmiter,

131 1695 224 1732 Non
245 1703 350 1746 potffi
379 1696 590 1743 subsistere,
619 1696 767 1747 ita-que
793 1696 834 1734 in
862 1705 898 1734 te
923 1697 1074 1734 irruunt
1094 1703 1244 1733 montoe

290 1749 395 1786 mali.

130 1801 284 1852 Neque,
304 1814 374 1852 ego
391 1814 495 1840 nunc
512 1802 705 1853 quomodo
726 1815 789 1840 me
811 1802 1033 1853 expeditum
1053 1815 1101 1840 ex
1120 1802 1242 1851 impe-

289 1855 368 1893 dito
385 1855 539 1901 faciam,

131 1907 343 1946 Consilium
356 1907 488 1958 placet.
503 1910 591 1960 Ego
602 1910 714 1948 miser
724 1910 876 1961 perpuli
885 1909 980 1948 meis
991 1909 1087 1947 dolis
1098 1921 1240 1956 senem,

132 1962 187 1999 Ut
206 1969 372 1999 censeret
388 1973 496 1999 suam
511 1975 590 2001 saee
607 1976 730 2001 emere
748 1963 882 2001 filiam.
927 1964 966 2001 Is
983 1976 1053 2001 suo
1071 1962 1149 1999 filio

128 2013 342 2104 Fidicinzgan
356 2014 595 2106 emiffluam
612 2016 694 2067 ipse
711 2024 829 2062 amat,
849 2029 967 2068 quam
986 2015 1117 2054 abiens
1130 2027 1240 2052 man-

338 2074 393 2104 vlt

131 2120 173 2157 Is
191 2120 263 2158 sibi
280 2132 383 2158 nunc
401 2120 559 2159 alteram
576 2123 626 2160 ab
643 2123 792 2173 legione
809 2122 971 2160 adduxit
988 2123 1108 2160 animi

129 2173 268 2212 Causa.
315 2173 472 2212 Corium
490 2174 665 2225 perdidi=
694 2188 801 2225 nam,
819 2177 887 2215 ubi
905 2188 1019 2214 senex
1037 2174 1192 2215 senserit
