1435 2400
443 89 745 130 CURCULIO.
774 90 850 128 IV.
879 91 919 128 3.
1189 88 1241 132 27

125 197 230 236 Nam
248 204 287 235 et
303 209 457 250 operam
475 204 513 235 et
529 196 730 248 pecuniam
748 195 912 246 benigne
929 195 1135 247 praebuisti.
1180 195 1233 238 37

129 252 226 300 Lyc.
256 250 427 290 Salutem
445 250 609 288 multam
627 249 741 288 dicito
759 255 929 301 patrono.

820 303 939 342 Cure.
971 300 1180 340 Nuntiabo.

123 359 221 409 Lyc.
247 356 451 409 Numquid
468 356 539 403 vis,
561 356 678 395 leno?

312 413 408 461 Cap.
436 411 533 449 Istas
552 410 675 448 minas
693 409 837 458 decem,
857 409 927 461 qui
946 422 1009 447 me
1023 420 1235 460 procurem,

124 465 234 504 Dum
253 464 389 503 melius
407 465 455 503 sit
472 464 582 510 mihi,
601 463 677 501 des.

430 519 527 567 Lyc.
562 517 792 555 Dabuntur:
823 528 902 554 cras
920 515 999 566 peti
1014 516 1158 565 jubeto.
1185 516 1237 553 40

127 572 225 620 Cap.
250 569 420 617 Quando
438 573 534 610 bene
551 570 650 622 gessi
674 582 770 617 rem,
790 569 876 607 volo
893 569 960 608 hic
977 569 1019 606 in
1036 568 1126 606 fano
1145 581 1236 619 sup-

277 623 429 674 plicare.

123 675 230 714 Nam
265 675 372 716 illam
408 677 522 716 minis
550 676 645 716 olim
674 676 805 715 decem
838 675 1008 728 puellam
1038 673 1238 727 parvulam

120 781 196 821 Sed
214 742 407 845 euxgffiui
422 783 519 822 mihi
536 783 645 822 illam
663 782 847 832 vendidit,
866 794 1066 834 nunquam
1084 781 1238 834 postilla

124 837 425 929 Periissevssissdo.
478 890 587 939 Quid
613 890 654 929 id
671 889 759 929 mea
777 888 891 928 refert
903 891 922 928 Ρ
950 900 1022 940 ego
1040 895 1240 940 argentum

123 995 229 1044 Quoi
255 942 496 1036 hssffi'nei
522 1005 611 1037 sunt
636 996 807 1049 propitii,
835 996 986 1035 lucrum
1013 995 1049 1034 ei
1073 994 1242 1047 profecto

287 1049 484 1099 objiciunt.
1185 1049 1238 1085 45

124 1102 242 1140 Nunc
260 1102 313 1140 rei
332 1102 469 1142 divinae
487 1116 640 1155 operam
660 1102 776 1141 dabo.
829 1101 990 1141 Certum
1003 1101 1052 1142 ’st
1068 1103 1164 1140 bene
1177 1113 1240 1139 me

283 1167 425 1194 curare.

356 1316 544 1355 ACTUS
572 1315 648 1354 IV.
704 1313 891 1354 SCENA
919 1314 1004 1353 ΙΙΙ.

350 1421 835 1461 THERAPONTIGONUS.
873 1420 1018 1459 LYco.

129 1530 246 1568 Ther.
280 1529 470 1595 Non-ego
499 1540 601 1567 nunc
629 1527 810 1567 mediocri
845 1526 978 1566 incedo
1008 1526 1126 1566 iratus
1161 1526 1236 1565 ira-

125 1635 201 1675 Sed
223 1582 437 1697 eapssffizgss
466 1635 544 1686 qu'a
562 1634 796 1674 excidionem
814 1633 944 1674 facere
960 1633 1145 1672 condidici
1168 1645 1238 1685 op-

125 1743 257 1791 Nunc,
280 1690 426 1781 {1211th
452 1741 549 1779 mihi
575 1754 731 1792 propere
756 1754 932 1793 properas
955 1740 1044 1779 dare
1062 1740 1145 1789 jam
1170 1740 1237 1778 tri-

282 1803 387 1846 ginta
403 1808 540 1840 mmas,

124 1848 232 1895 Quas
252 1861 321 1898 ego
339 1848 442 1899 apud
460 1858 496 1886 te
514 1848 695 1898 deposivi‚
716 1848 833 1886 vitam
851 1861 1010 1899 propera
1027 1859 1178 1898 ponere.

125 1903 222 1950 Lyc.
252 1902 342 1939 Non
360 1901 532 1961 (edepol)
550 1914 652 1939 nunc
671 1913 739 1952 ego
759 1909 795 1940 te
822 1901 1001 1940 mediocri
1027 1907 1152 1938 macto
1175 1900 1235 1937 in-

123 2007 199 2045 Sed
217 1953 520 2058 eopgterffiffiotiuo
538 2014 702 2046 mactare
719 2007 832 2055 soleo,
853 2007 943 2059 quoi
961 2005 1058 2044 nihil
1077 1956 1231 2044 debeo.5

131 2060 246 2098 Ther.
275 2060 338 2098 Ne
369 2067 407 2098 te
437 2059 533 2098 mihi
563 2060 678 2099 facias
709 2060 885 2110 ferocem,
919 2068 986 2099 aut
1019 2058 1233 2111 supplicare

282 2125 441 2151 censeas.
