1435 2400
208 103 284 138 258
440 99 486 137 Μ
491 100 616 140 ILES
646 101 977 142 GLORIOSUS.
1007 104 1057 143 V.

213 209 341 256 Pyrg.
370 206 551 245 Facetum
570 209 756 258 puerum!

563 263 687 298 Puer.
715 262 837 308 Intro,
857 269 907 310 te,
927 270 971 300 ut
989 275 1064 310 eas,
1083 264 1260 300 obsecrat.
1290 263 1316 299 8

214 313 275 351 Te
288 313 380 359 volt,
400 320 437 351 te
455 314 602 364 quaerit,
623 322 734 364 teque
755 323 972 366 exspectans
990 315 1144 366 deperit.

211 366 374 404 Amanti
391 366 446 404 fer
464 379 599 418 opem.
589 381 599 404 z
630 367 723 418 quid
741 370 848 406 stas?
878 369 970 420 quin
988 369 1087 406 intro
1105 368 1164 405 is?

1015 423 1069 459 P
1055 434 1144 471 Jrg
1173 420 1246 459 Eo.
1268 420 1317 459 10

216 474 336 510 Puer.
366 473 480 523 Ipsus
498 472 576 511 illic
593 485 670 511 sese
686 474 765 521 jam
786 473 1011 524 impedivit‘
1000 486 1040 511 m
1065 475 1209 526 plagas.

213 525 361 563 Paratae
378 525 524 564 insidiae
542 533 653 564 sunt·
683 526 722 563 in
742 534 841 565 statu
861 535 934 565 stat
951 539 1078 574 senex,

213 579 269 617 Ut
287 578 475 616 adoriatur
491 579 696 625 moechum,
717 580 782 630 qui
800 579 944 618 forma'
947 587 981 617 st
999 580 1131 618 ferox·

213 631 293 678 Qui
312 631 456 669 omneis
473 644 511 669 se
529 645 653 669 amare
671 632 801 678 credit
822 646 983 684 quaeque
1001 631 1213 684 adspexerit

215 685 382 722 Mulier:
412 697 499 722 eum
519 685 631 722 odere
649 698 725 736 qua
744 685 828 733 viri,
848 700 925 737 qua
942 686 1129 724 mulieres.
1269 686 1316 723 15

217 737 360 775 Nunc
349 749 388 774 m
407 737 618 775 tumultum
637 739 721 776 ibo:
754 738 856 777 intus
875 739 1077 778 clamorem
1096 738 1220 779 audio.

632 897 816 936 ACTUS
845 898 897 936 V.

220 1006 688 1043 PERIPLECTOMENES.
711 1004 1138 1041 PYRGOPoLlNlcES.
1155 1001 1321 1040 CAR10.

627 1057 911 1095 SCELEDRUS.

223 1164 353 1215 Per-ip.
381 1162 522 1252 Ducitfe
539 1163 679 1241 istu'm:
711 1162 742 1200 si
761 1173 836 1200 non
854 1161 1038 1213 sequitur,
1065 1162 1184 1214 rapite
1203 1160 1321 1200 subli-

376 1229 478 1254 mem
514 1229 596 1254 oras
612 1245 621 1254 .

216 1270 359 1318 Facite,
376 1269 656 1360 dlinoerdierram
688 1276 802 1321 atque
831 1271 966 1309 coelum
996 1279 1042 1309 ut
1068 1268 1217 1308 medius
1247 1268 1321 1307 sit:

416 1335 492 1360 scm
535 1330 570 1361 te

218 1379 348 1427 Pyrg.
378 1375 747 1428 Obsecro(hercle)‚
765 1378 1096 1428 Periplectomene,
1116 1383 1184 1415 te.
1234 1400 1246 1413 .

497 1431 628 1479 Perip.
658 1429 932 1481 Nequidquam
953 1428 1123 1480 (hercle)
1141 1430 1323 1468 obsecras-

219 1483 332 1531 Vide,
352 1490 395 1521 ut
413 1483 445 1521 is
447 1482 496 1522 tic
514 1483 584 1521 tibi
602 1485 650 1522 sit
665 1492 812 1532 acutus,
833 1483 958 1530 Cario,
979 1483 1098 1521 culter
1115 1483 1242 1532 probe·

222 1539 314 1576 Car.
344 1536 451 1584 Quin
475 1536 705 1585 jamdudum
732 1537 844 1587 gestit
870 1536 1015 1574 moecho
1041 1535 1112 1574 hoc
1138 1534 1326 1574 abdomen

216 1643 274 1681 Ut
291 1589 572 1693 ΐαεὶἒῐὲἶᾚὲἐί
588 1654 704 1693 puero
721 1642 760 1679 in
780 1642 875 1681 collo
893 1641 1080 1693 pendeant
1097 1591 1323 1694 crepundia5

220 1698 351 1746 Pyrg-
381 1695 509 1733 Perii!
807 1710 869 1732 κη
922 1704 1021 1733 2²?-

377 1750 469 1787 Car.
499 1748 619 1785 Haud
638 1748 765 1794 etiam,
785 1761 944 1787 numero
960 1749 1031 1787 hoc
1049 1748 1154 1787 dieis.
1183 1749 1326 1789 Jamne

482 1802 521 1838 in
540 1801 735 1840 hominem
752 1776 910 1841 involo?

221 1857 358 1906 Perip.
388 1855 516 1893 Immo
534 1854 647 1892 etiam
666 1856 770 1906 prius
787 1857 1000 1894 verberetur
1017 1855 1193 1894 fustibus.

839 1911 932 1948 Car.
961 1909 1137 1947 Multum
1156 1908 1324 1960 quidem.

221 1964 357 2012 Perip.
378 1961 458 2000 Cur
476 1975 514 2000 es
531 1974 645 1999 ausus
664 1961 866 2013 subigitare
883 1963 1044 2001 alienam
1058 1975 1232 2012 uxorem,
1251 1962 1328 2001 im-

404 2015 549 2054 ndens?

221 2029 443 2119 Pyrg.11)ta
460 2081 522 2107 me
536 2068 603 2108 Dii
623 2076 764 2116 ament,
783 2070 882 2108 ultro
900 2077 1056 2108 ventum
1075 2075 1131 2108 est
1143 2068 1194 2107 ad
1210 2081 1284 2107 me.

750 2125 887 2176 Perip.
919 2123 1132 2163 Mentitur·
1162 2121 1243 2162 feri.
1275 2122 1324 2160 10

223 2178 275 2213 P
261 2189 302 2225 st
304 2189 350 2226 g
380 2175 514 2227 Mane,
535 2176 629 2216 dum
647 2188 767 2216 narro.

1424 235 1435 257 Δ
