1435 2400
276 78 457 120 MILES
486 80 823 120 GLORIOSUS.
849 80 932 118 ΙΙΙ.
967 80 1002 118 1.
1110 80 1189 123 227

762 188 902 236 Perip.
929 186 1086 225 Audio:
1110 187 1188 224 200

77 241 141 279 Ne
159 252 223 289 me
237 239 398 279 surdum
417 241 584 278 verbera.

490 295 582 331 Pal.
613 293 678 330 Tu
697 292 729 329 si
748 293 871 339 audis,
893 306 961 343 ego
980 301 1078 332 recte
1095 293 1192 330 meis

76 348 204 386 Dabo.
257 347 297 385 A
317 347 385 385 tufi.
402 347 500 385 mihi
518 359 636 384 uxore
654 346 778 383 dicam
799 346 968 384 delatum
989 354 1026 384 et
1044 347 1190 389 datum,

78 402 135 440 Ut
162 414 242 440 sese
274 401 323 439 ad
355 414 443 439 eum
472 400 724 438 conciliarem.
786 400 861 437 Ille
890 400 1077 449 ejusmodi
1107 407 1188 448 θεῖς

236 455 363 505 cupiet
380 455 505 492 miser.

77 509 171 557 Qui,
202 508 275 547 nisi
307 508 505 557 adulterio,
537 506 730 545 studiosus
763 505 818 544 rei
854 507 974 544 nullae
1005 505 1090 543 aliae
1121 513 1189 554 est,

75 616 212 665 Perip.
234 563 487 705 Ξὲἒζοξὲῗιιίῐ
507 614 683 666 reperire,
711 612 744 652 si
762 613 838 665 ipsi
863 613 944 652 Soli
962 612 1191 704 quaerun2dgf

261 681 356 715 ares,
1167 681 1190 703 ο

75 720 296 772 Lepidiores
318 722 413 759 duas
441 721 490 759 ad
516 721 658 760 hancce
677 733 774 769 rem,
799 733 918 772 quam
941 733 1023 772 ego.
1077 719 1188 770 Age:

232 775 331 814 habe
349 775 523 813 animum
542 777 701 813 bonum.

76 830 170 867 Pal.
198 828 304 880 Ergo
330 836 503 867 accurato
526 835 564 867 et
591 835 791 880 properato
809 828 948 879 opu'st.
1007 827 1050 865 N
1051 839 1127 865 unc
1149 833 1193 864 tu

237 883 422 929 ausculta,
443 882 652 920 Pleusides.

77 937 217 975 Pleas.
248 936 339 974 Tibi
361 948 446 974 sum
465 935 656 974 obediens.

409 991 501 1027 Pal.
532 989 619 1027 Hoc
636 988 749 1026 facito
765 1003 776 1026 z
808 988 926 1027 Miles
943 988 1104 1026 domum
1123 988 1191 1026 ubi

499 1041 706 1089 advenerit,

75 1095 316 1144 Memineris,
336 1107 385 1133 ne
405 1094 730 1134 Philocomasium
749 1095 934 1133 nomines.

651 1150 785 1186 Pleas.
815 1148 947 1196 Quam
965 1147 1191 1186 nominem?

77 1203 167 1241 Pal.
198 1202 413 1253 Glyceram.

289 1257 423 1294 Pleus.
453 1255 607 1306 Nempe
624 1254 812 1302 eamdem,
832 1268 919 1307 quae
936 1254 1086 1293 dudum
1105 1267 1194 1294 con-

396 1309 528 1347 stituta
547 1307 608 1347 ἐι

741 1364 833 1401 Pal.
863 1362 974 1400 Pax!
1006 1362 1081 1400 abi.
1113 1362 1192 1400 210

76 1417 211 1456 Plena.
239 1415 469 1454 Meminero.
508 1416 584 1455 Sed
611 1415 706 1468 quid
734 1416 951 1455 meminisse
977 1415 1019 1452 id
1051 1415 1192 1454 refert?

234 1477 505 1520 egotetamen
617 1499 626 1507 .

77 1525 170 1563 Pal.
201 1523 289 1574 Ego
314 1523 416 1561 enim
445 1523 569 1562 dicam
597 1531 697 1572 tum,
726 1523 881 1575 quando
908 1536 1000 1561 usus
1036 1530 1188 1573 poscet:

237 1584 380 1615 mter-ea
400 1585 492 1615 tace.
510 1605 515 1610 .

73 1631 131 1670 Ut
161 1643 264 1669 nunc
293 1631 408 1668 etiam
439 1631 501 1669 hic
530 1631 622 1682 agit,
654 1638 827 1670 actutum
856 1638 983 1682 partes
1013 1629 1193 1669 defendas

236 1693 333 1722 tuas.

77 1737 212 1775 Pleas.
240 1738 327 1789 Ego
346 1750 390 1775 eo
408 1737 508 1776 intro
526 1738 654 1788 igitur.

333 1793 424 1829 Pal.
453 1791 521 1839 Et,
541 1798 731 1844 praecepta
749 1791 872 1831 sobrie
890 1798 934 1830 ut
952 1803 1074 1840 cureS‚
1094 1790 1188 1829 face.
