<?xml version="1.0" encoding="UTF-8"?>
<!DOCTYPE html PUBLIC "-//W3C//DTD XHTML 1.0 Transitional//EN"
    "http://www.w3.org/TR/xhtml1/DTD/xhtml1-transitional.dtd">
<html xmlns="http://www.w3.org/1999/xhtml" xml:lang="en" lang="en">
 <head>
  <title>
</title>
<meta http-equiv="Content-Type" content="text/html;charset=utf-8" />
  <meta name='ocr-system' content='tesseract 3.04.00' />
  <meta name='ocr-capabilities' content='ocr_page ocr_carea ocr_par ocr_line ocrx_word'/>
</head>
<body>
  <div class='ocr_page' id='page_1' title='image "./comoediaesupers02plauuoft_0359.png"; bbox 0 0 1435 2400; ppageno 0'>
   <div class='ocr_carea' id='block_1_1' title="bbox 511 79 1251 123">
    <p class='ocr_par' dir='ltr' id='par_1_1' title="bbox 511 79 1251 123">
     <span class='ocr_line' id='line_1_1' title="bbox 511 79 1251 123; baseline -0.005 -2"><span class='ocrx_word' id='word_1_1' title='bbox 511 81 706 123; x_wconf 83' lang='lat' dir='ltr'><strong>PERSA.</strong></span> <span class='ocrx_word' id='word_1_2' title='bbox 736 82 814 122; x_wconf 88' lang='lat' dir='ltr'>IV.</span> <span class='ocrx_word' id='word_1_3' title='bbox 843 82 882 119; x_wconf 82' lang='lat'>4.</span> <span class='ocrx_word' id='word_1_4' title='bbox 1175 79 1251 118; x_wconf 88' lang='grc'>351</span> 
     </span>
    </p>
   </div>
   <div class='ocr_carea' id='block_1_2' title="bbox 118 186 1254 2063">
    <p class='ocr_par' dir='ltr' id='par_1_2' title="bbox 118 186 1254 2063">
     <span class='ocr_line' id='line_1_2' title="bbox 145 186 1254 227; baseline -0.002 -2"><span class='ocrx_word' id='word_1_5' title='bbox 145 189 242 227; x_wconf 72' lang='lat' dir='ltr'>Tox.</span> <span class='ocrx_word' id='word_1_6' title='bbox 271 187 406 227; x_wconf 85' lang='lat' dir='ltr'>Sati’n’</span> <span class='ocrx_word' id='word_1_7' title='bbox 434 196 478 227; x_wconf 89' lang='lat' dir='ltr'>ut</span> <span class='ocrx_word' id='word_1_8' title='bbox 502 189 678 227; x_wconf 87' lang='lat' dir='ltr'><strong>meminit</strong></span> <span class='ocrx_word' id='word_1_9' title='bbox 700 189 884 227; x_wconf 83' lang='lat' dir='ltr'><strong>libertatis</strong></span> <span class='ocrx_word' id='word_1_10' title='bbox 903 189 913 226; x_wconf 88' lang='lat'><strong>!</strong></span> <span class='ocrx_word' id='word_1_11' title='bbox 947 187 1054 226; x_wconf 85' lang='lat' dir='ltr'>dabit</span> <span class='ocrx_word' id='word_1_12' title='bbox 1078 187 1159 225; x_wconf 88' lang='lat' dir='ltr'>haec</span> <span class='ocrx_word' id='word_1_13' title='bbox 1183 186 1254 224; x_wconf 87' lang='lat' dir='ltr'>tibi</span> 
     </span>
     <span class='ocr_line' id='line_1_3' title="bbox 296 240 1251 294; baseline -0.003 -14"><span class='ocrx_word' id='word_1_14' title='bbox 296 243 457 294; x_wconf 81' lang='lat' dir='ltr'>grandes</span> <span class='ocrx_word' id='word_1_15' title='bbox 476 243 592 282; x_wconf 89' lang='lat' dir='ltr'>bolos.</span> <span class='ocrx_word' id='word_1_16' title='bbox 1175 240 1251 278; x_wconf 85' lang='lat'>105</span> 
     </span>
     <span class='ocr_line' id='line_1_4' title="bbox 134 294 1250 347; baseline -0.004 -13"><span class='ocrx_word' id='word_1_17' title='bbox 134 294 239 345; x_wconf 77' lang='lat' dir='ltr'>Age,</span> <span class='ocrx_word' id='word_1_18' title='bbox 268 295 301 333; x_wconf 90' lang='lat' dir='ltr'>si</span> <span class='ocrx_word' id='word_1_19' title='bbox 326 297 419 347; x_wconf 89' lang='lat' dir='ltr'>quid</span> <span class='ocrx_word' id='word_1_20' title='bbox 446 297 551 347; x_wconf 87' lang='lat' dir='ltr'><strong>agis:</strong></span> <span class='ocrx_word' id='word_1_21' title='bbox 590 308 661 347; x_wconf 87' lang='lat' dir='ltr'>ego</span> <span class='ocrx_word' id='word_1_22' title='bbox 685 296 734 335; x_wconf 88' lang='lat' dir='ltr'>ad</span> <span class='ocrx_word' id='word_1_23' title='bbox 761 296 865 334; x_wconf 89' lang='lat' dir='ltr'>hunc</span> <span class='ocrx_word' id='word_1_24' title='bbox 891 296 1028 334; x_wconf 86' lang='lat' dir='ltr'>redeo:</span> <span class='ocrx_word' id='word_1_25' title='bbox 1069 306 1250 345; x_wconf 82' lang='lat' dir='ltr'>sequere3</span> 
     </span>
     <span class='ocr_line' id='line_1_5' title="bbox 298 350 655 389; baseline 0 -3"><span class='ocrx_word' id='word_1_26' title='bbox 298 350 436 388; x_wconf 89' lang='lat' dir='ltr'>reduco</span> <span class='ocrx_word' id='word_1_27' title='bbox 456 351 555 389; x_wconf 86' lang='lat' dir='ltr'>hanc</span> <span class='ocrx_word' id='word_1_28' title='bbox 574 350 655 389; x_wconf 84' lang='lat' dir='ltr'><strong>tibi.</strong></span> 
     </span>
     <span class='ocr_line' id='line_1_6' title="bbox 133 403 1000 452; baseline 0.002 -13"><span class='ocrx_word' id='word_1_29' title='bbox 133 403 263 440; x_wconf 85' lang='lat' dir='ltr'>Dord.</span> <span class='ocrx_word' id='word_1_30' title='bbox 289 404 536 452; x_wconf 81' lang='lat' dir='ltr'>Adolescens,</span> <span class='ocrx_word' id='word_1_31' title='bbox 557 404 648 441; x_wconf 83' lang='lat' dir='ltr'><strong>vi&#39;n&#39;</strong></span> <span class='ocrx_word' id='word_1_32' title='bbox 670 403 830 441; x_wconf 86' lang='lat' dir='ltr'>vendere</span> <span class='ocrx_word' id='word_1_33' title='bbox 848 404 968 441; x_wconf 84' lang='lat' dir='ltr'>istanc</span> <span class='ocrx_word' id='word_1_34' title='bbox 982 405 1000 441; x_wconf 73' lang='grc' dir='ltr'>’ἓ</span> 
     </span>
     <span class='ocr_line' id='line_1_7' title="bbox 532 452 1253 507; baseline -0.01 -10"><span class='ocrx_word' id='word_1_35' title='bbox 532 459 625 506; x_wconf 82' lang='lat' dir='ltr'><strong><em>Sag.</em></strong></span> <span class='ocrx_word' id='word_1_36' title='bbox 657 457 789 507; x_wconf 86' lang='lat' dir='ltr'><strong>Magis</strong></span> <span class='ocrx_word' id='word_1_37' title='bbox 806 457 928 503; x_wconf 90' lang='lat' dir='ltr'>lubet,</span> <span class='ocrx_word' id='word_1_38' title='bbox 949 468 1066 507; x_wconf 90' lang='lat' dir='ltr'>quam</span> <span class='ocrx_word' id='word_1_39' title='bbox 1083 452 1253 504; x_wconf 80' lang='lat' dir='ltr'>perdere.</span> 
     </span>
     <span class='ocr_line' id='line_1_8' title="bbox 132 507 1252 562; baseline -0.002 -17"><span class='ocrx_word' id='word_1_40' title='bbox 132 509 261 546; x_wconf 87' lang='lat' dir='ltr'>Dord.</span> <span class='ocrx_word' id='word_1_41' title='bbox 286 510 394 548; x_wconf 90' lang='lat' dir='ltr'>Tum</span> <span class='ocrx_word' id='word_1_42' title='bbox 422 518 464 548; x_wconf 89' lang='lat' dir='ltr'>tu</span> <span class='ocrx_word' id='word_1_43' title='bbox 491 524 613 562; x_wconf 84' lang='lat' dir='ltr'>pauca</span> <span class='ocrx_word' id='word_1_44' title='bbox 639 510 680 548; x_wconf 89' lang='lat' dir='ltr'>in</span> <span class='ocrx_word' id='word_1_45' title='bbox 704 511 820 548; x_wconf 84' lang='lat' dir='ltr'>verba</span> <span class='ocrx_word' id='word_1_46' title='bbox 843 511 994 549; x_wconf 83' lang='lat' dir='ltr'>confer:</span> <span class='ocrx_word' id='word_1_47' title='bbox 1026 510 1095 559; x_wconf 79' lang='lat' dir='ltr'>qui</span> <span class='ocrx_word' id='word_1_48' title='bbox 1123 507 1252 554; x_wconf 83' lang='lat' dir='ltr'>datur,</span> 
     </span>
     <span class='ocr_line' id='line_1_9' title="bbox 293 564 542 603; baseline 0.008 -2"><span class='ocrx_word' id='word_1_49' title='bbox 293 564 389 602; x_wconf 86' lang='lat' dir='ltr'>tanti</span> <span class='ocrx_word' id='word_1_50' title='bbox 406 564 542 603; x_wconf 84' lang='lat' dir='ltr'>indica.</span> 
     </span>
     <span class='ocr_line' id='line_1_10' title="bbox 131 613 1251 666; baseline -0.003 -12"><span class='ocrx_word' id='word_1_51' title='bbox 131 617 228 666; x_wconf 86' lang='lat' dir='ltr'>Sag.</span> <span class='ocrx_word' id='word_1_52' title='bbox 254 616 412 655; x_wconf 84' lang='lat' dir='ltr'><strong>Faciam</strong></span> <span class='ocrx_word' id='word_1_53' title='bbox 438 618 506 665; x_wconf 87' lang='lat' dir='ltr'>ita,</span> <span class='ocrx_word' id='word_1_54' title='bbox 527 626 571 656; x_wconf 91' lang='lat' dir='ltr'>ut</span> <span class='ocrx_word' id='word_1_55' title='bbox 589 627 627 656; x_wconf 92' lang='lat' dir='ltr'>te</span> <span class='ocrx_word' id='word_1_56' title='bbox 644 617 741 656; x_wconf 83' lang='lat' dir='ltr'>vene</span> <span class='ocrx_word' id='word_1_57' title='bbox 759 616 881 657; x_wconf 85' lang='lat' dir='ltr'>video.</span> <span class='ocrx_word' id='word_1_58' title='bbox 935 616 993 655; x_wconf 88' lang='lat' dir='ltr'>Ut</span> <span class='ocrx_word' id='word_1_59' title='bbox 1011 626 1130 662; x_wconf 79' lang='lat' dir='ltr'>emaS,</span> <span class='ocrx_word' id='word_1_60' title='bbox 1150 613 1251 652; x_wconf 88' lang='lat' dir='ltr'>habe</span> 
     </span>
     <span class='ocr_line' id='line_1_11' title="bbox 292 670 681 710; baseline 0.011 -3"><span class='ocrx_word' id='word_1_61' title='bbox 292 670 363 708; x_wconf 89' lang='lat' dir='ltr'>tibi</span> <span class='ocrx_word' id='word_1_62' title='bbox 381 680 535 710; x_wconf 77' lang='lat' dir='ltr'>centum</span> <span class='ocrx_word' id='word_1_63' title='bbox 553 671 681 710; x_wconf 82' lang='lat' dir='ltr'><strong>minis.</strong></span> 
     </span>
     <span class='ocr_line' id='line_1_12' title="bbox 126 723 543 763; baseline 0.01 -4"><span class='ocrx_word' id='word_1_64' title='bbox 126 723 254 761; x_wconf 82' lang='lat' dir='ltr'>Dord.</span> <span class='ocrx_word' id='word_1_65' title='bbox 283 723 464 762; x_wconf 89' lang='lat' dir='ltr'><strong>Nimium</strong></span> <span class='ocrx_word' id='word_1_66' title='bbox 484 726 543 763; x_wconf 83' lang='lat' dir='ltr'><strong>’st.</strong></span> 
     </span>
     <span class='ocr_line' id='line_1_13' title="bbox 288 778 636 830; baseline 0.009 -15"><span class='ocrx_word' id='word_1_67' title='bbox 288 778 383 828; x_wconf 81' lang='lat' dir='ltr'><strong><em>Sag.</em></strong></span> <span class='ocrx_word' id='word_1_68' title='bbox 414 778 636 830; x_wconf 81' lang='lat' dir='ltr'>Octoginta.</span> 
     </span>
     <span class='ocr_line' id='line_1_14' title="bbox 413 833 820 871; baseline 0.002 -1"><span class='ocrx_word' id='word_1_69' title='bbox 413 834 540 871; x_wconf 83' lang='lat' dir='ltr'>Dord.</span> <span class='ocrx_word' id='word_1_70' title='bbox 568 833 748 871; x_wconf 78' lang='lat' dir='ltr'><strong>Nimium</strong></span> <span class='ocrx_word' id='word_1_71' title='bbox 762 833 820 871; x_wconf 66' lang='lat' dir='ltr'><strong>&#39;st-</strong></span> 
     </span>
     <span class='ocr_line' id='line_1_15' title="bbox 575 883 1247 936; baseline -0.006 -12"><span class='ocrx_word' id='word_1_72' title='bbox 575 887 672 936; x_wconf 83' lang='lat' dir='ltr'>Sag.</span> <span class='ocrx_word' id='word_1_73' title='bbox 700 888 900 925; x_wconf 81' lang='lat' dir='ltr'><strong>Nummus</strong></span> <span class='ocrx_word' id='word_1_74' title='bbox 917 887 1044 924; x_wconf 59' lang='lat' dir='ltr'>abesse</span> <span class='ocrx_word' id='word_1_75' title='bbox 1061 883 1152 922; x_wconf 89' lang='lat' dir='ltr'>hinc</span> <span class='ocrx_word' id='word_1_76' title='bbox 1168 895 1247 921; x_wconf 91' lang='lat' dir='ltr'>non</span> 
     </span>
     <span class='ocr_line' id='line_1_16' title="bbox 707 937 1244 991; baseline -0.007 -13"><span class='ocrx_word' id='word_1_77' title='bbox 707 948 844 991; x_wconf 57' lang='lat' dir='ltr'>potest,</span> <span class='ocrx_word' id='word_1_78' title='bbox 1168 937 1187 974; x_wconf 96' lang='lat' dir='ltr'>l</span> <span class='ocrx_word' id='word_1_79' title='bbox 1197 938 1244 975; x_wconf 90' lang='grc'>10</span> 
     </span>
     <span class='ocr_line' id='line_1_17' title="bbox 127 989 524 1038; baseline 0.005 -10"><span class='ocrx_word' id='word_1_80' title='bbox 127 989 246 1038; x_wconf 86' lang='lat' dir='ltr'>Quod</span> <span class='ocrx_word' id='word_1_81' title='bbox 263 1002 367 1029; x_wconf 89' lang='lat' dir='ltr'>nunc</span> <span class='ocrx_word' id='word_1_82' title='bbox 384 991 524 1030; x_wconf 87' lang='lat' dir='ltr'>dicam.</span> 
     </span>
     <span class='ocr_line' id='line_1_18' title="bbox 297 1045 1245 1098; baseline -0.002 -15"><span class='ocrx_word' id='word_1_83' title='bbox 297 1047 424 1083; x_wconf 88' lang='lat' dir='ltr'>Dord.</span> <span class='ocrx_word' id='word_1_84' title='bbox 453 1045 562 1094; x_wconf 88' lang='lat' dir='ltr'>Quid</span> <span class='ocrx_word' id='word_1_85' title='bbox 579 1046 620 1084; x_wconf 87' lang='lat' dir='ltr'>id</span> <span class='ocrx_word' id='word_1_86' title='bbox 638 1054 693 1086; x_wconf 86' lang='lat' dir='ltr'>est</span> <span class='ocrx_word' id='word_1_87' title='bbox 711 1060 801 1098; x_wconf 89' lang='lat' dir='ltr'>ergo</span> <span class='ocrx_word' id='word_1_88' title='bbox 813 1046 831 1083; x_wconf 71' lang='grc' dir='ltr'>’ἓ</span> <span class='ocrx_word' id='word_1_89' title='bbox 859 1046 1037 1097; x_wconf 87' lang='lat' dir='ltr'>eloquere</span> <span class='ocrx_word' id='word_1_90' title='bbox 1054 1051 1245 1094; x_wconf 86' lang='lat' dir='ltr'>actutum,</span> 
     </span>
     <span class='ocr_line' id='line_1_19' title="bbox 411 1100 681 1150; baseline 0.007 -13"><span class='ocrx_word' id='word_1_91' title='bbox 411 1107 527 1150; x_wconf 90' lang='lat' dir='ltr'>atque</span> <span class='ocrx_word' id='word_1_92' title='bbox 544 1100 681 1139; x_wconf 82' lang='lat' dir='ltr'>indica.</span> 
     </span>
     <span class='ocr_line' id='line_1_20' title="bbox 123 1151 1243 1204; baseline 0 -14"><span class='ocrx_word' id='word_1_93' title='bbox 123 1154 218 1201; x_wconf 81' lang='lat' dir='ltr'><strong><em>Sag.</em></strong></span> <span class='ocrx_word' id='word_1_94' title='bbox 238 1151 328 1190; x_wconf 90' lang='lat' dir='ltr'>Tuo</span> <span class='ocrx_word' id='word_1_95' title='bbox 341 1153 508 1203; x_wconf 86' lang='lat' dir='ltr'>periculo</span> <span class='ocrx_word' id='word_1_96' title='bbox 522 1155 720 1204; x_wconf 81' lang='lat' dir='ltr'>sexaginta</span> <span class='ocrx_word' id='word_1_97' title='bbox 733 1154 815 1192; x_wconf 84' lang='lat' dir='ltr'>haec</span> <span class='ocrx_word' id='word_1_98' title='bbox 828 1154 940 1192; x_wconf 90' lang='lat' dir='ltr'>datur</span> <span class='ocrx_word' id='word_1_99' title='bbox 953 1152 1099 1204; x_wconf 80' lang='lat' dir='ltr'>argenti</span> <span class='ocrx_word' id='word_1_100' title='bbox 1115 1151 1243 1191; x_wconf 87' lang='lat' dir='ltr'>minis.</span> 
     </span>
     <span class='ocr_line' id='line_1_21' title="bbox 123 1205 676 1258; baseline 0.004 -15"><span class='ocrx_word' id='word_1_101' title='bbox 123 1207 251 1243; x_wconf 85' lang='lat' dir='ltr'>Dord.</span> <span class='ocrx_word' id='word_1_102' title='bbox 283 1205 438 1253; x_wconf 82' lang='lat' dir='ltr'>Toxile‚</span> <span class='ocrx_word' id='word_1_103' title='bbox 459 1206 554 1258; x_wconf 84' lang='lat' dir='ltr'>quid</span> <span class='ocrx_word' id='word_1_104' title='bbox 572 1211 676 1258; x_wconf 74' lang='lat' dir='ltr'>ago?</span> 
     </span>
     <span class='ocr_line' id='line_1_22' title="bbox 364 1258 1240 1313; baseline 0 -16"><span class='ocrx_word' id='word_1_105' title='bbox 364 1261 462 1298; x_wconf 74' lang='lat' dir='ltr'>Tox.</span> <span class='ocrx_word' id='word_1_106' title='bbox 493 1260 563 1298; x_wconf 85' lang='lat' dir='ltr'>Du</span> <span class='ocrx_word' id='word_1_107' title='bbox 579 1260 748 1313; x_wconf 85' lang='lat' dir='ltr'>Deaeque</span> <span class='ocrx_word' id='word_1_108' title='bbox 767 1270 804 1300; x_wconf 86' lang='lat' dir='ltr'>te</span> <span class='ocrx_word' id='word_1_109' title='bbox 821 1261 967 1312; x_wconf 84' lang='lat' dir='ltr'>agitant</span> <span class='ocrx_word' id='word_1_110' title='bbox 984 1260 1085 1308; x_wconf 86' lang='lat' dir='ltr'>irati,</span> <span class='ocrx_word' id='word_1_111' title='bbox 1103 1258 1240 1308; x_wconf 86' lang='lat' dir='ltr'><strong>scelus,</strong></span> 
     </span>
     <span class='ocr_line' id='line_1_23' title="bbox 123 1311 827 1365; baseline 0.006 -15"><span class='ocrx_word' id='word_1_112' title='bbox 123 1311 205 1360; x_wconf 86' lang='lat' dir='ltr'>Qui</span> <span class='ocrx_word' id='word_1_113' title='bbox 222 1313 321 1351; x_wconf 90' lang='lat' dir='ltr'>hanc</span> <span class='ocrx_word' id='word_1_114' title='bbox 338 1325 415 1351; x_wconf 92' lang='lat' dir='ltr'>non</span> <span class='ocrx_word' id='word_1_115' title='bbox 433 1326 611 1365; x_wconf 87' lang='lat' dir='ltr'>properes</span> <span class='ocrx_word' id='word_1_116' title='bbox 629 1315 827 1354; x_wconf 83' lang='lat' dir='ltr'>destinare.</span> 
     </span>
     <span class='ocr_line' id='line_1_24' title="bbox 387 1368 710 1407; baseline 0.01 -3"><span class='ocrx_word' id='word_1_117' title='bbox 387 1368 513 1405; x_wconf 84' lang='lat' dir='ltr'>Dord.</span> <span class='ocrx_word' id='word_1_118' title='bbox 544 1368 710 1407; x_wconf 86' lang='lat' dir='ltr'>Habeto.</span> 
     </span>
     <span class='ocr_line' id='line_1_25' title="bbox 589 1420 1233 1473; baseline -0.005 -13"><span class='ocrx_word' id='word_1_119' title='bbox 589 1424 685 1460; x_wconf 66' lang='lat' dir='ltr'>Tox.</span> <span class='ocrx_word' id='word_1_120' title='bbox 716 1423 834 1461; x_wconf 80' lang='lat' dir='ltr'><strong>Heu&#39;</strong></span> <span class='ocrx_word' id='word_1_121' title='bbox 865 1421 1050 1473; x_wconf 85' lang='lat' dir='ltr'>praedatu’</span> <span class='ocrx_word' id='word_1_122' title='bbox 1052 1433 1070 1459; x_wconf 93' lang='lat' dir='ltr'><strong>s</strong></span> <span class='ocrx_word' id='word_1_123' title='bbox 1087 1420 1233 1472; x_wconf 81' lang='lat' dir='ltr'>probe!</span> 
     </span>
     <span class='ocr_line' id='line_1_26' title="bbox 120 1472 1237 1524; baseline 0 -14"><span class='ocrx_word' id='word_1_124' title='bbox 120 1472 227 1517; x_wconf 89' lang='lat' dir='ltr'>Abi;</span> <span class='ocrx_word' id='word_1_125' title='bbox 257 1482 458 1524; x_wconf 88' lang='lat' dir='ltr'>argentum</span> <span class='ocrx_word' id='word_1_126' title='bbox 477 1475 566 1513; x_wconf 86' lang='lat' dir='ltr'>effer</span> <span class='ocrx_word' id='word_1_127' title='bbox 583 1475 670 1514; x_wconf 90' lang='lat' dir='ltr'><strong>huc.</strong></span> <span class='ocrx_word' id='word_1_128' title='bbox 1161 1474 1237 1511; x_wconf 85' lang='lat'>115</span> 
     </span>
     <span class='ocr_line' id='line_1_27' title="bbox 120 1526 1196 1578; baseline 0.003 -15"><span class='ocrx_word' id='word_1_129' title='bbox 120 1526 213 1564; x_wconf 91' lang='lat' dir='ltr'>Non</span> <span class='ocrx_word' id='word_1_130' title='bbox 234 1526 401 1578; x_wconf 85' lang='lat' dir='ltr'>(edepol)</span> <span class='ocrx_word' id='word_1_131' title='bbox 423 1528 537 1566; x_wconf 80' lang='lat' dir='ltr'><strong>minis</strong></span> <span class='ocrx_word' id='word_1_132' title='bbox 556 1529 727 1568; x_wconf 86' lang='lat' dir='ltr'>trecentis</span> <span class='ocrx_word' id='word_1_133' title='bbox 746 1542 831 1568; x_wconf 89' lang='lat' dir='ltr'>cara</span> <span class='ocrx_word' id='word_1_134' title='bbox 844 1529 916 1567; x_wconf 88' lang='lat' dir='ltr'><strong>’st·</strong></span> <span class='ocrx_word' id='word_1_135' title='bbox 907 1557 916 1566; x_wconf 91' lang='lat'><strong>.</strong></span> <span class='ocrx_word' id='word_1_136' title='bbox 948 1527 1070 1566; x_wconf 82' lang='lat' dir='ltr'>fecisti</span> <span class='ocrx_word' id='word_1_137' title='bbox 1087 1527 1196 1566; x_wconf 84' lang='lat' dir='ltr'>lucri.</span> 
     </span>
     <span class='ocr_line' id='line_1_28' title="bbox 121 1580 1233 1634; baseline 0.001 -16"><span class='ocrx_word' id='word_1_138' title='bbox 121 1582 217 1629; x_wconf 82' lang='lat' dir='ltr'>Sag.</span> <span class='ocrx_word' id='word_1_139' title='bbox 245 1580 356 1619; x_wconf 91' lang='lat' dir='ltr'><strong>Heus</strong></span> <span class='ocrx_word' id='word_1_140' title='bbox 387 1582 455 1619; x_wconf 85' lang='lat' dir='ltr'>tu!</span> <span class='ocrx_word' id='word_1_141' title='bbox 494 1582 609 1620; x_wconf 87' lang='lat' dir='ltr'>etiam</span> <span class='ocrx_word' id='word_1_142' title='bbox 638 1596 708 1634; x_wconf 89' lang='lat' dir='ltr'>pro</span> <span class='ocrx_word' id='word_1_143' title='bbox 736 1582 969 1622; x_wconf 82' lang='lat' dir='ltr'>vestimentis</span> <span class='ocrx_word' id='word_1_144' title='bbox 997 1582 1074 1621; x_wconf 83' lang='lat' dir='ltr'>huc</span> <span class='ocrx_word' id='word_1_145' title='bbox 1102 1581 1233 1620; x_wconf 89' lang='lat' dir='ltr'>decem</span> 
     </span>
     <span class='ocr_line' id='line_1_29' title="bbox 277 1634 598 1674; baseline 0.009 -3"><span class='ocrx_word' id='word_1_146' title='bbox 277 1634 453 1672; x_wconf 87' lang='lat' dir='ltr'>accedent</span> <span class='ocrx_word' id='word_1_147' title='bbox 470 1635 598 1674; x_wconf 87' lang='lat' dir='ltr'><strong>minae.</strong></span> 
     </span>
     <span class='ocr_line' id='line_1_30' title="bbox 119 1687 935 1737; baseline 0.007 -15"><span class='ocrx_word' id='word_1_148' title='bbox 119 1687 245 1723; x_wconf 85' lang='lat' dir='ltr'>Dord.</span> <span class='ocrx_word' id='word_1_149' title='bbox 273 1688 493 1726; x_wconf 86' lang='lat' dir='ltr'>Abscedent</span> <span class='ocrx_word' id='word_1_150' title='bbox 511 1689 628 1737; x_wconf 85' lang='lat' dir='ltr'><strong>enim,</strong></span> <span class='ocrx_word' id='word_1_151' title='bbox 649 1702 725 1728; x_wconf 89' lang='lat' dir='ltr'>non</span> <span class='ocrx_word' id='word_1_152' title='bbox 745 1689 935 1729; x_wconf 81' lang='lat' dir='ltr'>accedent.</span> 
     </span>
     <span class='ocr_line' id='line_1_31' title="bbox 471 1741 1233 1782; baseline -0.001 -2"><span class='ocrx_word' id='word_1_153' title='bbox 471 1744 564 1780; x_wconf 66' lang='lat' dir='ltr'>Toae.</span> <span class='ocrx_word' id='word_1_154' title='bbox 595 1743 699 1782; x_wconf 88' lang='lat' dir='ltr'>Tace</span> <span class='ocrx_word' id='word_1_155' title='bbox 718 1744 767 1781; x_wconf 77' lang='lat' dir='ltr'>sis</span> <span class='ocrx_word' id='word_1_156' title='bbox 783 1744 793 1781; x_wconf 72' lang='grc' dir='ltr'><strong>Ξ</strong></span> <span class='ocrx_word' id='word_1_157' title='bbox 826 1744 864 1781; x_wconf 74' lang='lat' dir='ltr'>N</span> <span class='ocrx_word' id='word_1_158' title='bbox 868 1756 916 1781; x_wconf 92' lang='lat' dir='ltr'>on</span> <span class='ocrx_word' id='word_1_159' title='bbox 934 1751 978 1781; x_wconf 89' lang='lat' dir='ltr'>tu</span> <span class='ocrx_word' id='word_1_160' title='bbox 996 1742 1108 1780; x_wconf 85' lang='lat' dir='ltr'>illum</span> <span class='ocrx_word' id='word_1_161' title='bbox 1127 1741 1233 1780; x_wconf 83' lang='lat' dir='ltr'>vides</span> 
     </span>
     <span class='ocr_line' id='line_1_32' title="bbox 118 1793 1233 1847; baseline 0.004 -18"><span class='ocrx_word' id='word_1_162' title='bbox 118 1793 300 1840; x_wconf 86' lang='lat' dir='ltr'>Quaerere</span> <span class='ocrx_word' id='word_1_163' title='bbox 318 1805 464 1842; x_wconf 84' lang='lat' dir='ltr'>ansam,</span> <span class='ocrx_word' id='word_1_164' title='bbox 484 1795 665 1834; x_wconf 87' lang='lat' dir='ltr'><strong>infectum</strong></span> <span class='ocrx_word' id='word_1_165' title='bbox 686 1805 730 1834; x_wconf 90' lang='lat' dir='ltr'>ut</span> <span class='ocrx_word' id='word_1_166' title='bbox 747 1797 860 1836; x_wconf 85' lang='lat' dir='ltr'>faciat</span> <span class='ocrx_word' id='word_1_167' title='bbox 875 1799 892 1836; x_wconf 70' lang='lat'>:³</span> <span class='ocrx_word' id='word_1_168' title='bbox 934 1796 1098 1844; x_wconf 87' lang='lat' dir='ltr'>Abisne,</span> <span class='ocrx_word' id='word_1_169' title='bbox 1117 1803 1233 1847; x_wconf 86' lang='lat' dir='ltr'>atque</span> 
     </span>
     <span class='ocr_line' id='line_1_33' title="bbox 279 1849 620 1899; baseline 0.012 -16"><span class='ocrx_word' id='word_1_170' title='bbox 279 1856 478 1897; x_wconf 87' lang='lat' dir='ltr'>argentum</span> <span class='ocrx_word' id='word_1_171' title='bbox 497 1849 592 1899; x_wconf 88' lang='lat' dir='ltr'><strong>petis</strong></span> <span class='ocrx_word' id='word_1_172' title='bbox 602 1850 620 1886; x_wconf 79' lang='lat'>⁰?</span> 
     </span>
     <span class='ocr_line' id='line_1_34' title="bbox 118 1899 748 1942; baseline 0.008 -5"><span class='ocrx_word' id='word_1_173' title='bbox 118 1901 244 1942; x_wconf 83' lang='lat' dir='ltr'>Dord.</span> <span class='ocrx_word' id='word_1_174' title='bbox 273 1899 384 1937; x_wconf 91' lang='lat' dir='ltr'><strong>Heus</strong></span> <span class='ocrx_word' id='word_1_175' title='bbox 403 1901 470 1938; x_wconf 85' lang='lat' dir='ltr'>tu!</span> <span class='ocrx_word' id='word_1_176' title='bbox 498 1915 603 1940; x_wconf 89' lang='lat' dir='ltr'>serva</span> <span class='ocrx_word' id='word_1_177' title='bbox 620 1903 748 1942; x_wconf 86' lang='lat' dir='ltr'><strong>istum.</strong></span> 
     </span>
     <span class='ocr_line' id='line_1_35' title="bbox 283 1953 774 2001; baseline 0.01 -10"><span class='ocrx_word' id='word_1_178' title='bbox 283 1954 378 1991; x_wconf 59' lang='lat' dir='ltr'>Tor.</span> <span class='ocrx_word' id='word_1_179' title='bbox 407 1953 515 2001; x_wconf 87' lang='lat' dir='ltr'>Quin</span> <span class='ocrx_word' id='word_1_180' title='bbox 534 1962 576 1992; x_wconf 79' lang='lat' dir='ltr'>tu</span> <span class='ocrx_word' id='word_1_181' title='bbox 594 1956 626 1994; x_wconf 89' lang='lat' dir='ltr'>is</span> <span class='ocrx_word' id='word_1_182' title='bbox 643 1957 742 1996; x_wconf 89' lang='lat' dir='ltr'>intro</span> <span class='ocrx_word' id='word_1_183' title='bbox 756 1959 774 1996; x_wconf 70' lang='grc' dir='ltr'><strong><em>ἓ</em></strong></span> 
     </span>
     <span class='ocr_line' id='line_1_36' title="bbox 343 2008 1229 2063; baseline -0.002 -16"><span class='ocrx_word' id='word_1_184' title='bbox 343 2008 470 2047; x_wconf 89' lang='lat' dir='ltr'>Dord.</span> <span class='ocrx_word' id='word_1_185' title='bbox 497 2008 624 2057; x_wconf 86' lang='lat' dir='ltr'>Abe0,</span> <span class='ocrx_word' id='word_1_186' title='bbox 642 2018 757 2062; x_wconf 85' lang='lat' dir='ltr'>atque</span> <span class='ocrx_word' id='word_1_187' title='bbox 775 2018 976 2063; x_wconf 84' lang='lat' dir='ltr'>argentum</span> <span class='ocrx_word' id='word_1_188' title='bbox 994 2010 1122 2049; x_wconf 88' lang='lat' dir='ltr'>affero.</span> <span class='ocrx_word' id='word_1_189' title='bbox 1153 2008 1229 2046; x_wconf 79' lang='lat'>120</span> 
     </span>
    </p>
   </div>
  </div>
 </body>
</html>
