1435 2400
181 66 256 104 128
462 60 853 103 MENAECHMEI.
882 61 936 101 V.
964 63 1002 108 7.

541 172 648 208 illes.
675 170 787 217 Faoe,
807 176 852 206 ut
869 169 969 208 oculi
985 169 1090 207 locus
1108 167 1148 205 in
1166 167 1288 219 capite

659 229 850 274 appareat.
1236 221 1289 256 25

185 278 263 316 Vos
280 276 438 326 scelesti,
453 289 519 316 vos
536 289 701 328 rapacae,
722 289 787 314 vos
804 275 996 327 praedones
1012 274 1022 311 !

948 329 1043 366 Lor.
1073 325 1286 365 Periimus!

185 385 366 430 Obsecro,
386 382 523 421 hercle.

355 437 460 474 Mes.
489 435 638 474 Mittite
657 447 758 485 ergo.

606 489 665 526 M
663 501 720 525 cn.
750 487 858 536 Quid
874 499 938 525 me
955 486 1061 525 vobis
1078 485 1191 524 tactio
1209 484 1292 524 est?

186 545 298 582 Pecte
316 541 470 593 pugnis.

399 597 505 633 Mes.
533 594 668 645 Agite,
689 595 789 634 abite
805 595 814 632 !
845 593 966 644 fugite
983 593 1073 631 hinc
1090 592 1132 630 in
1150 592 1293 630 malam

504 648 678 686 crucem!

185 702 291 741 Hem
315 701 385 792 11ξί
407 701 537 749 etiam,
565 701 657 753 quia
684 708 896 753 postremus
923 699 1039 748 cedis,
1063 700 1136 738 hoc
1161 699 1296 751 praemi

363 767 455 793 eres.

135 802 147 819 ⁴
186 808 316 847 Nimis
343 817 471 846 autem
499 809 594 846 bene
618 821 682 846 ora
706 806 972 854 commentavi,
998 813 1113 857 atque
1139 818 1185 843 ex
1212 804 1299 843 me&

345 861 543 899 sententia.
1245 860 1298 897 30

186 915 350 966 Edepol,
387 915 489 1005 1)ιὲτεί
527 926 587 952 nae
623 913 693 953 tibi
729 913 922 965 suppetias
957 920 1127 963 tempore
1162 911 1298 950 adveni

347 981 387 1005 m
439 980 461 1005 ο
478 996 488 1004 .

189 1024 302 1060 stien-
332 1021 390 1059 At
414 1019 484 1057 tibi
507 1019 575 1057 Dii
601 1033 761 1071 semper,
790 1019 1020 1067 adolescens,
1046 1018 1220 1070 quisquis
1245 1031 1298 1067 es,

346 1073 486 1111 faciant
503 1074 622 1111 bene:

189 1129 310 1174 Nam,
338 1128 481 1177 absque
507 1127 570 1164 ted
597 1134 708 1174 esset,
736 1126 849 1165 hodie
875 1138 1076 1177 nunquam
1101 1125 1151 1163 ad
1180 1125 1298 1164 solem

345 1193 520 1219 occasum
543 1192 722 1218 vwerem.

188 1237 293 1273 Mes.
321 1235 427 1284 Ergo
448 1233 634 1284 (edepol),
654 1233 686 1271 si
703 1240 801 1271 recte
818 1233 949 1283 facias,
966 1232 1070 1280 here,
1089 1244 1152 1271 me
1169 1232 1298 1271 mittas

345 1297 480 1324 manu.

189 1343 302 1379 sssen.
327 1340 506 1378 Liberem
523 1351 592 1390 ego
610 1346 647 1377 te
661 1341 679 1378 Ρ

476 1394 581 1430 Mes.
610 1393 772 1440 Verum,
792 1390 1117 1444 quandoquidem,
1136 1391 1238 1441 here,
1260 1399 1296 1431 te

588 1458 744 1483 servam.

747 1500 860 1536 Men.
885 1496 995 1545 Quid
1013 1505 1070 1536 est
1082 1500 1100 1536 ἒ
1243 1499 1295 1536 35

189 1552 436 1599 Adolescens,
456 1563 567 1589 erras.

405 1606 509 1643 Mes.
538 1603 646 1652 Quid
667 1616 748 1643 erro
761 1606 779 1643 ?

591 1660 705 1696 Men.
734 1658 809 1696 Per
826 1657 855 1696 J
857 1669 967 1696 ovem
983 1657 1119 1707 adjuro
1135 1666 1296 1710 patrem,

191 1712 264 1750 Me
280 1711 416 1750 herum
432 1716 547 1749 tuum
563 1723 641 1750 non
659 1724 749 1749 esse.

616 1767 720 1803 Mes.
749 1765 842 1803 Non
859 1764 986 1803 tacoe?

872 1820 988 1857 Men.
1015 1819 1107 1857 Non
1123 1819 1300 1858 mentior.

192 1871 234 1909 N
236 1883 277 1910 ec
294 1883 403 1909 meus
420 1883 550 1910 servus
566 1883 737 1924 unquam
756 1873 831 1910 tale
848 1871 950 1920 fecit,
971 1872 1083 1924 quale
1100 1880 1144 1912 tu
1161 1873 1272 1912 1111111.

192 1926 297 1962 Mes.
327 1924 388 2014 Sliic
413 1925 492 1963 sine
515 1924 644 1975 igitur,
675 1926 705 1964 si
723 1932 835 1963 tuum
859 1937 974 1976 negas
1001 1938 1065 1965 me
1082 1938 1175 1976 ase,
1196 1927 1298 1965 abire

379 1980 526 2016 berum.

195 2032 306 2069 Men.
337 2030 433 2069 Me‘a
452 2031 609 2083 quidem
627 2032 794 2081 (hercle)
813 2033 940 2083 causa,
960 2033 1056 2072 liber
1071 2039 1167 2082 esto,
1186 2036 1301 2086 atque

353 2083 406 2122 ito
426 2097 502 2136 quo
521 2084 635 2124 voles.
1250 2088 1302 2128 40
