1435 2400
200 90 274 128 130
478 89 609 130 ΜΕΝ
611 89 871 129 AECHMEI.
899 89 960 130 V.
987 92 1026 129 9.

419 245 604 284 ACTUS
632 245 685 284 V.
739 244 926 283 SCENA
955 245 1083 285 VIII.

348 351 664 389 MENAECHMUS
693 352 867 390 Sosicles.
904 351 1159 390 Mssssmuo.

202 458 314 495 Men.
349 456 459 495 Men'
496 457 608 496 hodie
643 471 805 510 usquam
837 456 1051 497 convenisse
1079 464 1130 506 te,
1163 456 1304 506 audax,

356 511 471 548 audes
490 511 626 559 dicere,

198 562 408 614 Postquam
427 564 629 602 advorsum
646 565 742 602 mihi
761 564 944 616 imperavi
961 570 1005 602 ut
1021 563 1098 601 huc
1115 563 1286 601 venires?

928 619 1034 655 Mes.
1062 616 1170 663 Quin
1189 615 1303 654 modo

196 668 348 719 Eripui‚
368 670 539 709 homines
558 670 625 722 qui
644 678 680 709 te
697 671 865 709 ferebant
883 671 1085 709 sublimem
1104 677 1281 720 quatuor,

196 722 319 772 Apud
337 722 446 761 hasce
465 724 600 770 aedeis;
630 732 671 762 tu
691 724 880 763 clamabas
897 724 1026 773 Deum
1051 723 1167 761 fidem
1188 730 1303 774 atque

354 776 555 814 hominum
568 777 742 815 omnium
759 791 771 823 ;

196 827 328 875 Quom
354 842 422 879 ego
447 843 612 878 accurro,
638 838 752 881 teque
770 829 900 881 eripio,
924 831 962 868 vi
990 828 1211 881 pugnando,
1239 828 1298 866 in-

354 883 496 932 gratiis.
1277 883 1302 918 5

197 933 262 973 Ob
282 947 364 972 eam
383 949 477 980 rem,
499 936 589 987 quia
606 943 643 974 te
660 935 819 982 servavi,
839 948 901 973 me
919 935 1079 974 amisisti
1095 935 1271 973 liberum.

195 987 327 1034 Quom
346 996 546 1039 argentum
565 989 646 1027 dixi
670 1001 733 1027 me
756 996 897 1040 petere,
916 996 954 1028 et
971 1002 1072 1037 vasa,
1099 995 1158 1037 tu,
1178 999 1300 1039 quan-

354 1049 437 1078 tum
457 1043 607 1092 pote'st.,

195 1093 475 1132 Praecucurristi
493 1096 659 1142 obviam,
679 1102 737 1141 ut,
756 1108 843 1146 quae
861 1094 996 1145 fecisti,
1015 1095 1159 1134 inficias
1174 1107 1250 1134 eas-

194 1148 310 1184 Allen.
339 1148 524 1187 Liberum
543 1162 612 1199 ego
630 1156 667 1186 te
682 1149 778 1197 jussi
795 1147 927 1187 abire?

539 1204 644 1241 Mes.
674 1203 797 1240 Certo.

688 1257 801 1293 Men.
831 1254 936 1302 Quoi
954 1253 1217 1293 certissumum
1241 1254 1302 1303 'st,

192 1305 328 1358 Mepte
340 1307 466 1358 potius
483 1307 564 1347 fieri
581 1321 747 1358 servum,
764 1321 881 1360 quam
895 1315 934 1347 te
947 1319 1119 1359 unquam
1133 1307 1303 1346 emittam

354 1372 485 1398 manu.
1257 1362 1306 1399 10

444 1516 631 1556 ACTUS
658 1517 710 1556 V.
767 1518 953 1558 SCENA
980 1518 1061 1558 IX.

334 1621 651 1660 MENAEchus
670 1631 886 1675 surreptus.
913 1624 1168 1664 Messmuo.

546 1675 595 1713 M
601 1685 862 1715 ENAECHMUS
882 1679 1058 1717 Sosicles.

195 1783 308 1820 Men.
320 1795 426 1819 surr.
446 1780 488 1820 Si
502 1781 612 1820 voltis
627 1795 694 1833 per
706 1784 834 1822 oculos
845 1785 987 1834 jurare,
1002 1784 1122 1824 nihilo
1134 1785 1305 1839 (hercle)

359 1835 404 1874 eit
422 1834 534 1873 caus&
552 1835 674 1885 magis

195 1887 371 1934 Facietis‚
391 1895 434 1925 ut
452 1900 520 1938 ego
538 1888 650 1926 hodie
669 1889 890 1928 abstulerim
904 1891 1048 1942 pallam
1067 1899 1104 1931 et
1121 1893 1303 1946 spinther,

354 1953 551 1992 pessumae.

196 1996 301 2033 Mes.
330 1994 406 2033 Pro
424 1994 493 2032 Dii
510 1994 767 2034 immortales!
800 1997 894 2047 quid
912 2011 982 2048 ego
1000 1998 1108 2038 video
1120 2002 1139 2039 Ξ>

519 2050 632 2087 Men.
649 2050 732 2087 Sos.
760 2048 868 2097 Quid
885 2051 988 2090 vides
1000 2054 1019 2090 Ρ

820 2105 927 2146 Mes.
955 2105 1165 2156 Speculum
1178 2111 1305 2145 tuum.

196 2154 302 2194 Men.
323 2156 406 2195 Sos.
438 2154 546 2203 Quid
564 2154 692 2207 negoti
712 2156 759 2194 'st
772 2158 791 2194 ἒ
