1435 2400
468 116 745 157 EPIDICUS.
773 117 826 156 V.
858 118 890 155 1.
1187 118 1239 162 73

217 224 335 274 Epid.
364 223 526 273 Edepol,
546 235 608 261 me
626 223 683 260 illi
701 222 850 269 melius,
874 223 905 260 si
923 223 1022 261 nacti
1039 223 1158 261 fuant.
1191 223 1239 260 13

135 277 210 316 Sed
230 278 313 328 quis
331 284 385 314 est
403 277 484 354 Ιέεεο
502 275 737 320 muliercula,
754 284 790 313 et
803 276 880 313 illic
897 277 1156 326 gravastellus,
1172 277 1239 328 qui

135 386 259 422 strat.
289 337 450 421 {filine-st
475 382 644 420 danista:
684 381 765 420 haec
791 381 920 419 illa'st
948 389 1091 431 autem,
1123 394 1240 433 quam

294 436 370 474 emi
388 449 435 473 ex
453 435 593 487 praedssi.

611 489 732 538 Epid.
761 487 938 527 Haeccine
955 488 1002 525 ’st
1017 490 1034 526 Ρ
1191 488 1237 525 15

134 546 257 583 Str-at.
290 543 398 581 Haec.
435 542 569 590 Estne,
588 550 632 580 ut
651 541 720 580 tibi
736 541 847 579 dixi?
875 541 1078 593 Adspecta.

506 597 627 646 Epid.
655 595 784 632 Haec?

637 650 760 686 Strat.
791 648 1032 698 Contempla,
1053 647 1235 699 Epidice:

134 704 267 755 Usque
284 704 333 740 ab
354 702 561 753 unguiculo
585 701 634 740 ad
655 700 836 752 capillum
858 713 1053 739 summum
1065 701 1114 739 'st
1139 702 1240 739 festi-

134 768 527 848 Esmepvgggglgera
568 807 694 846 Vide*
726 808 889 858 Signum
914 807 1059 859 pictum
1082 807 1240 858 pulchre

135 917 252 966 Epid.
282 862 450 954 Egeiiiisis
476 915 598 954 verbis
624 927 755 953 meum
780 914 954 952 futurum
982 914 1125 953 corium
1152 914 1239 965 pul-

293 969 426 1006 chrum
445 968 624 1020 praedicas
640 981 652 1012 ς

134 1022 265 1070 Quem
283 1022 440 1082 Apelles
458 1031 572 1072 atque
591 1021 731 1059 Zeuxis
752 1020 829 1059 duo
854 1019 1013 1071 pingent
1036 1020 1239 1072 pigmentis

136 1131 260 1168 Strat.
286 1076 635 1165 Blhssffimorffles!
666 1126 782 1164 otiose
805 1127 878 1164 isse
905 1125 1082 1165 admiror.
1124 1075 1240 1165 Ρεέἰῗ

294 1183 367 1219 bus
390 1180 604 1231 pulmoneis

135 1235 218 1283 Qui
246 1234 476 1294 perhibetur,
504 1233 610 1282 prius
636 1232 808 1281 venisset,
841 1245 957 1283 quam
985 1240 1027 1270 tu
1057 1232 1239 1271 advenisti

136 1344 242 1379 Dan.
269 1340 366 1379 Haec
385 1337 555 1392 (edepol)
575 1349 760 1378 remorata
776 1339 865 1377 med
883 1346 950 1377 est.

626 1395 750 1431 Strat.
778 1391 975 1453 Siquidem
991 1391 1099 1430 istius
1119 1392 1239 1443 gratia

134 1448 191 1487 Es
222 1454 442 1493 remoratuS,
471 1446 574 1497 quod
599 1446 671 1485 ista
698 1445 831 1494 voluit,
862 1445 1026 1483 nimium
1057 1445 1240 1484 advenisti

295 1501 380 1540 Cito.

136 1557 243 1593 Dan.
260 1555 360 1606 Age,
372 1566 454 1605 age,
475 1553 624 1591 absolve
637 1565 713 1602 me,
729 1559 842 1604 atque
856 1559 1054 1603 argentum
1066 1564 1240 1600 numera,

295 1620 343 1646 ne
361 1607 515 1645 comites
531 1618 669 1644 morer.
1185 1607 1237 1643 25

136 1663 261 1700 Strut.
291 1661 607 1699 pernumeratum
626 1668 693 1697 est.

404 1715 511 1751 Dan.
541 1713 648 1750 Tene
666 1725 908 1751 crumenam:
939 1713 1015 1751 huc
1031 1711 1133 1750 inde.

760 1768 884 1804 Strat.
912 1766 1107 1818 Sapienter
1125 1764 1241 1804 venis.

137 1820 335 1871 Opperire,
356 1819 449 1857 dum
468 1819 579 1858 effero
598 1819 646 1857 ad
665 1826 702 1857 te
719 1827 929 1870 argentum.

773 1875 879 1910 Dan.
909 1873 1081 1910 Matura.

889 1927 1012 1964 Strat.
1035 1924 1155 1963 Domi
1174 1932 1241 1963 est.

138 1981 257 2031 Epid.
283 1979 416 2019 Sati’n'
444 1993 513 2031 ego
539 1979 656 2019 oculis
682 1979 885 2017 utilitatem
911 1978 1062 2017 obtineo
1089 1977 1239 2021 sincere,

297 2046 345 2070 an
389 2035 528 2071 arum?

139 2088 174 2125 E
201 2045 387 2137 Philippi)
402 2094 522 2124 matre
546 2094 674 2124 natam
701 2084 762 2138 [a]
790 2086 948 2134 Thebis,
975 2084 1161 2135 Epidauri
1184 2096 1242 2121 sa·

297 2151 391 2185 tam,

140 2192 303 2230 Videon'
320 2205 389 2243 ego
410 2192 639 2231 Telestidem
658 2201 709 2239 te,
729 2192 933 2243 Periphani
954 2190 1096 2228 filiam?
1192 2189 1242 2225 30

196 2256 299 2283 vor„
321 2256 371 2282 ιι.
1051 2254 1081 2280 H
