1435 2400
219 74 297 112 328
311 90 314 93 ’
603 73 800 112 PERSA.
829 72 888 111 ΙΙ.
920 74 960 111 2.

225 181 337 231 Paeg.
362 180 472 228 Quid
489 181 582 219 mali
600 179 697 218 facio
710 181 728 218 ?
757 186 824 218 aut
845 179 936 230 quoi
954 179 1054 218 male
1071 178 1155 218 dieo
1169 181 1187 218 ?

442 235 560 285 Soph.
588 233 693 282 Quoi
711 233 816 284 (pol)
834 245 999 284 cumque
1016 232 1160 271 occasio
1179 238 1246 271 εει.
1279 232 1332 268 28

224 290 334 338 Paeg.
362 286 489 326 Nemo
506 287 621 326 homo
638 298 811 337 unquam
829 286 882 324 ita
896 286 1098 324 arbitratus
1117 292 1183 324 est.

561 341 677 392 δορὴ.
704 339 762 377 At
781 339 881 390 (pol)
899 339 1013 377 multi
1026 351 1107 377 esse
1124 339 1179 377 ita
1196 338 1335 377 sciunt.

226 398 341 445 Paeg.
370 394 472 433 Heia
489 394 499 431 !

276 449 393 499 Soph.
425 447 553 486 Heia!

329 502 434 551 Paeg.
463 501 552 539 Tuo
570 513 618 539 ex
636 500 787 550 ingenio
806 511 927 537 morae
946 499 1087 537 alienos
1105 499 1252 550 probas.
1279 498 1333 536 30

225 556 342 608 Soph.
372 555 509 644 Fateffi·
527 567 597 604 ego
614 553 781 605 profecto
799 564 862 590 me
873 565 982 601 esse,
1001 560 1044 590 ut
1065 552 1171 591 decet
1187 550 1334 589 lenonis

382 607 472 646 fam'
494 607 550 645 'ae.

228 664 342 713 Paeg.
373 660 472 699 Satis
487 662 570 710 jam
589 660 733 698 dictum
752 659 885 697 habeo.
966 682 969 692 ι

356 715 472 764 Soph.
505 713 580 752 Sed
599 713 692 764 quid
711 720 753 750 tu
765 712 783 748 ?
811 713 1000 760 confitere,
1021 719 1065 750 ut
1079 718 1117 750 te
1135 718 1297 750 autumo
1314 713 1334 749 ?

230 771 347 819 Paeg.
373 768 524 814 Fatear,
543 767 574 804 si
591 767 645 804 ita
664 767 748 804 sim.

385 822 501 871 soph.
528 820 556 858 J
559 832 623 856 am
641 820 702 857 abi
717 833 730 864 ς
761 819 894 857 vicisti.

547 874 661 922 Paeg.
689 871 772 910 Abi
790 883 891 909 nunc
904 871 999 920 jam.

714 926 830 975 Soph.
859 925 966 975 Ergo
982 924 1055 963 hoc
1069 924 1166 963 mihi
1183 922 1334 975 expedi,

228 982 319 1031 Quo
337 981 417 1032 agis
427 981 445 1016 ?

387 1036 497 1084 Paeg.
523 1032 615 1081 Quo
633 1039 676 1070 tu
692 1035 710 1071 ?

577 1087 691 1137 Soph.
721 1084 801 1124 Dic
819 1092 886 1123 tu:
915 1084 1017 1136 prior
1035 1085 1179 1136 rogavi.

913 1141 1029 1188 Poeg.
1056 1139 1114 1176 At
1132 1143 1218 1190 post
1236 1137 1343 1176 scies·

231 1194 348 1246 Soph.
375 1194 437 1232 Eo
455 1206 524 1245 ego
542 1193 631 1231 hinc
648 1192 751 1231 haud
769 1192 893 1242 longe.

495 1249 605 1297 Paeg.
636 1247 691 1285 Et
708 1246 863 1298 quidem
883 1257 952 1296 ego
967 1244 1072 1282 haud
1089 1245 1213 1295 longe.

741 1300 857 1349 Soplz.
885 1298 976 1345 Quo
995 1310 1097 1348 ergo,
1112 1296 1257 1336 scelus?
1284 1296 1338 1334 35

229 1358 340 1404 Poeg.
358 1354 446 1393 Nisi
464 1353 579 1392 sciero
592 1353 698 1404 prius
710 1365 758 1391 ex
772 1360 823 1400 te,
838 1359 882 1390 tu
896 1364 944 1390 ex
956 1363 1018 1390 me
1036 1363 1235 1403 nunquam
1252 1350 1338 1400 hoc,

229 1462 343 1513 Soplz.
371 1408 792 1512 Νςὲἓὲιζοαέιηῗίἐεοῐιοθῧ
818 1459 930 1498 hodie
956 1457 1081 1507 scibis,
1111 1457 1337 1509 priusquam

387 1527 435 1552 ex
453 1521 490 1552 te
508 1513 698 1552 authvero.

231 1571 346 1618 Paeg.
372 1567 484 1605 Itane
501 1566 585 1605 est?

336 1621 451 1671 Soph.
481 1620 593 1658 Itane
609 1627 666 1658 est
678 1621 698 1658 ?

442 1675 551 1723 Poeg.
580 1673 691 1710 Mala
709 1685 759 1710 ffl-

549 1726 665 1816 δορᾷ
693 1723 907 1814 ΞεεΙΙσῧεῐιιέ.

664 1791 699 1816 ae
729 1804 739 1814 .
811 1784 890 1816 ecet
906 1789 981 1815 me.

697 1791 819 1880 gSoplz.
841 1831 912 1869 Me
923 1829 1079 1882 quidem
1094 1829 1198 1868 haud
1215 1830 1339 1868 decet.

232 1888 337 1938 Paeg.
367 1885 474 1930 Quid
491 1884 574 1923 ais?
599 1891 791 1922 cel-tumne
807 1885 854 1922 ’st
872 1884 1005 1933 celare,
1025 1896 1102 1935 quo
1119 1884 1189 1921 iter
1206 1883 1335 1932 facias,

569 1938 588 1960 9

227 1996 342 2045 Soph.
370 1951 620 2073 ὃῖἶεὶῖῑιιξὲἆᾱ
640 1991 838 2039 occultare,
865 2003 944 2042 quo
966 1997 1004 2030 te
1030 1990 1228 2037 immittas,
1247 2002 1334 2080 Piso-

383 2058 510 2084 sume.

225 2104 340 2151 Paeg.
357 2101 434 2139 Par
451 2098 534 2150 pari
550 2097 751 2149 respondes
769 2096 894 2137 dicto:
914 2096 977 2137 abi
992 2098 1089 2146 Jam,
1108 2095 1260 2147 quando
1277 2095 1332 2134 ita

379 2158 479 2192 certa
495 2163 553 2190 res
571 2158 637 2190 est.
