1435 2400
421 71 759 110 MERCATOR.
792 72 866 109 lv.
899 74 938 110 5.
1159 73 1234 117 175

114 178 313 230 Conceptis
332 178 454 216 verbis
468 179 549 226 jam
565 177 837 227 jusjurandum
856 177 969 224 dabo,
1172 181 1224 217 50

114 231 185 270 Me
201 244 400 312 nunquan}
418 231 630 282 quidquam
648 244 735 268 cum
759 231 827 268 illa
848 258 857 268 .
877 258 887 268 .
907 259 916 268 .
938 258 947 267 .
969 232 1111 269 Jamne
1129 233 1222 270 abiit

111 338 225 386 Perii,
255 286 532 376 h{{gss'!.130oe
561 345 689 375 autem
721 337 801 375 haec
830 337 934 375 abiit.
985 338 1058 376 Vae
1083 340 1218 377 misero

272 391 368 429 mihi
383 391 393 428 Ξ

111 445 170 483 At
187 451 238 491 te,
259 445 392 491 vicine,
415 444 483 482 Dii
502 443 672 495 Deaeque
690 444 882 495 perduint,

114 498 205 536 Tua
224 510 312 536 cum
331 498 466 545 amica,
487 510 651 548 cumque
669 498 936 537 amationibuS.

111 551 332 602 Suspicione
345 551 518 601 implevit
535 564 598 588 me
616 551 890 601 indignissume
903 567 914 588 ε
1167 555 1218 589 55

111 604 284 642 Concivit
300 604 462 642 hosteis:
493 604 597 642 domi
616 617 712 642 uxor
730 612 785 642 est
802 618 1008 642 acerruma.

110 658 182 696 Ibo
201 657 249 695 ad
266 657 406 701 forum,
427 666 542 709 atque
563 657 798 708 Demiphoni
815 658 896 696 haec
914 659 1082 709 eloquar,

110 711 183 749 Me
200 711 318 749 istanc
338 711 473 761 capillo
491 718 771 762 protracturum
789 724 866 749 esse
884 712 923 748 in
943 712 1058 759 viam,

109 765 198 803 Nisi
215 764 304 802 hinc
321 764 488 812 abducit,
509 777 585 815 quo
604 765 696 811 volt,
717 778 764 802 ex
781 765 883 802 hisce
902 765 1058 803 aedibus.

110 818 244 856 Uxor!
272 818 381 862 heus,
401 831 496 856 uxot
516 819 525 855 !
557 831 792 869 quamquam
807 826 849 855 tu
868 818 962 856 irata
979 832 1017 856 es
1036 819 1146 867 mihi,
1166 821 1217 858 60

108 872 136 910 J
141 873 268 918 ubeas,
287 871 318 909 si
336 871 471 922 sapias,
490 872 571 909 haec
589 872 688 909 intro
705 872 795 909 hinc
813 872 1015 911 auferrier:

112 925 260 963 Eadem
278 924 405 963 licebit
422 937 513 963 mox
537 937 680 963 coenase
700 925 849 963 rectius.

364 1083 550 1122 ACTUS
578 1083 655 1120 IV.
708 1083 891 1123 SCENA
920 1086 970 1124 V.

432 1190 575 1228 SYRA.
621 1189 885 1229 EUTYCHUS.

111 1300 227 1347 Syra.
255 1296 361 1334 Hera
377 1309 454 1347 quo
473 1309 535 1334 me
553 1296 656 1334 misit
673 1296 721 1334 ad
735 1304 898 1347 patrem,
917 1310 993 1335 non
1014 1305 1070 1336 ωε
1088 1298 1192 1336 domi
1207 1314 1217 1336 2

107 1351 193 1388 Rus
210 1349 343 1387 abiisse
361 1350 513 1388 aibant:
544 1362 647 1388 nunc
665 1350 824 1388 domum
843 1352 1031 1389 renuntio.

110 1406 205 1441 Eut.
234 1402 415 1441 Defessus
433 1416 521 1441 sum
540 1405 674 1442 urbem
692 1410 811 1441 totam
829 1405 1076 1455 pervenarier.

108 1456 220 1494 Nihil
237 1456 421 1507 investigo
441 1457 652 1508 quidquam
671 1456 717 1495 de
734 1456 799 1494 issa
817 1458 987 1496 muliere.

108 1510 183 1549 Sed
200 1518 320 1548 mater
337 1523 423 1548 rure
440 1510 574 1557 rediit3
603 1523 693 1548 nam
712 1510 820 1549 video
842 1511 978 1562 Syram
1193 1514 1217 1549 5

107 1563 275 1601 Adstare
290 1571 379 1601 ante
396 1563 518 1602 aedeis.
559 1564 656 1614 Syra
672 1564 681 1603 Ξ

561 1620 678 1666 Syra.
707 1616 808 1665 Quis
826 1625 894 1666 est,
915 1619 982 1670 qui
1000 1631 1062 1656 me
1081 1626 1187 1656 vocat
1200 1621 1218 1656 Ξ·

109 1673 208 1708 Eut.
235 1670 364 1708 Herus
381 1677 496 1722 atque
514 1671 694 1709 alumnus
711 1678 802 1709 tuus
820 1684 919 1709 sum.

665 1726 782 1773 Syra.
812 1725 938 1772 Salve,
959 1725 1114 1764 alumne
1132 1726 1188 1763 mi
1205 1726 1215 1763 !

108 1778 202 1814 Eut.
233 1776 327 1814 Jam
343 1784 465 1816 mater
481 1791 568 1816 rure
585 1777 723 1816 rediit?
751 1778 935 1828 responde
952 1779 1061 1817 mihi.

109 1831 225 1878 Syra.
251 1829 331 1868 Su&⁴
349 1831 506 1880 quidem
524 1831 644 1869 salute
661 1843 705 1869 ac
722 1831 878 1870 familiae
895 1832 1092 1870 maxuma.

111 1885 209 1921 Eut.
238 1881 346 1929 Quid
362 1883 459 1922 istuc
477 1885 604 1935 negoti
619 1883 694 1922 ’st?

485 1939 602 1986 Syra.
634 1938 746 1976 Tuus
763 1946 871 1988 pater
887 1939 1129 1977 bellissumus
1170 1940 1218 1976 10

109 1989 291 2027 Amicam
308 1989 470 2028 adduxit
485 1990 584 2029 intro
600 1991 640 2028 in
659 1992 782 2030 aedeis.

795 2048 887 2084 Eut.
913 2045 1118 2093 Quomodo
1134 2047 1151 2081 ?

109 2098 224 2145 Syra.
254 2095 475 2135 Adveniens
489 2105 608 2136 mater
622 2112 708 2138 rure
726 2112 809 2138 eam
827 2099 983 2138 offendit
1001 2099 1118 2136 domi.
