1435 2400
391 107 786 148 MENAECHMEI.
816 108 869 147 V.
897 110 934 147 4.
1138 109 1208 147 121

105 220 195 257 Sen-
222 215 340 254 Heu!
366 215 504 263 hercle,
523 217 703 254 morbum
722 228 846 254 acrem
867 228 910 253 ac
929 215 1068 254 durum
1085 217 1095 254 !
1127 216 1210 263 Dii,

197 291 200 292 ν
263 278 427 307 vostram
445 269 560 308 fidem
577 270 587 306 !

107 324 184 363 Vel
200 323 277 369 hic,
297 324 364 374 qui
381 323 534 370 insanit,
555 335 672 374 quam
691 322 812 360 valuit
829 323 944 374 paulo
962 322 1068 373 prius
1083 324 1093 360 ἔ
1138 325 1213 361 120

101 378 155 416 Ei
168 378 366 427 derepente
384 384 510 414 tantus
527 378 684 414 morbus
698 376 841 414 incidit-

103 431 190 479 Ibo,
210 438 324 482 atque
340 442 524 468 arce-sam
542 430 734 468 medicum
748 431 844 478 jam,
865 437 1054 481 quantum
1073 438 1208 480 potoet.

353 584 538 625 ACTUS
567 587 620 625 V.
670 586 857 626 SCENA
885 585 968 624 ΠΙ.

405 693 721 732 MENAECHMUS
741 694 913 732 Sosicles.

102 801 247 840 Jamne
263 800 326 838 isti
349 800 536 849 abierunt,
560 813 701 853 quaeso,
722 814 769 839 ex
788 807 986 852 conspeetu
1008 812 1107 847 mee,

106 854 187 898 Qui
203 866 266 892 me
284 854 322 892 vi
339 862 493 905 cogunt,
515 862 559 892 ut
577 854 725 892 validus
742 854 957 891 insaniam?

105 907 211 952 Quid
229 920 329 946 cesso
346 908 450 946 abire
466 908 516 946 ad
532 919 683 956 navem,
699 907 793 945 dum
812 908 916 945 salvo
933 907 1043 945 licet.
1033 909 1051 932 ⁹

88 961 261 1012 ‘Vosque
278 962 423 999 omneis
441 974 582 1013 quaeso,
602 962 636 999 si
653 973 768 1000 senex
785 962 982 1007 revenerit,

104 1015 168 1053 Ne
184 1027 247 1052 me
264 1014 450 1063 indicetis,
471 1015 549 1066 qu'fa
566 1015 693 1066 platea
710 1014 800 1053 hinc
819 1015 1048 1065 aufugerim.
1186 1016 1211 1050 5

355 1173 541 1214 ACTUS
560 1173 613 1212 V.
669 1173 853 1213 SCENA
874 1173 950 1212 IV.

431 1285 600 1324 Sssnssx.
641 1283 873 1322 Mssmcns.

100 1393 188 1430 Sen.
218 1390 364 1429 Lumbi
382 1390 559 1438 sedendo,
578 1391 678 1429 oculi
697 1389 899 1442 spectando
916 1389 1058 1437 dolent,

97 1444 294 1483 Manendo
312 1444 518 1491 medicum,
538 1444 633 1482 dum
648 1458 686 1482 se
704 1457 752 1482 ex
770 1457 883 1494 opere
900 1443 1069 1495 recipiat.

98 1497 263 1537 Odiosus
281 1498 435 1536 tandem
454 1498 520 1536 vix
538 1500 586 1536 ab
605 1497 755 1549 aegrotis
773 1497 888 1535 venit.

98 1552 170 1590 Ait
187 1565 226 1590 se
241 1551 426 1602 obligasse
445 1564 528 1590 crus
546 1552 710 1590 fractum
728 1550 966 1602 AEsculapio‚

97 1605 271 1657 Apollini
290 1613 418 1643 autem
436 1606 648 1643 brachium.
703 1605 821 1643 Nunc
839 1604 976 1654 cogito,
1135 1630 1137 1632 -
1182 1605 1206 1641 5

97 1659 241 1697 Utrum
259 1671 322 1696 me
339 1658 464 1696 dioem
482 1659 617 1697 ducere
633 1658 840 1705 medicum,
860 1669 910 1695 an
927 1657 1093 1695 fabrum.

97 1712 245 1763 Atque,
266 1724 410 1761 eccum,
427 1712 581 1759 incedit,
598 1719 725 1751 movet
742 1711 985 1750 formicinum
1003 1710 1179 1762 gradum.

100 1767 213 1803 Med.
240 1765 348 1812 Quid
366 1778 444 1804 eme
462 1766 519 1804 illi
537 1766 662 1805 morbi
680 1765 859 1803 dixeras?
888 1776 1012 1812 narra,
1033 1776 1160 1803 senex.

98 1820 209 1857 Num
227 1819 407 1866 larvatus,
428 1826 494 1858 aut
512 1818 694 1858 cerritus?
722 1819 783 1856 fac
800 1817 930 1856 sciam.

97 1873 206 1911 Num
228 1884 316 1910 eum
334 1879 521 1921 veternus,
541 1880 608 1911 aut
626 1885 726 1924 aqua
741 1872 919 1918 intercus,
939 1874 1072 1910 tenet?
1132 1900 1135 1901 γ
1158 1872 1208 1909 10

97 1927 187 1964 Sen.
215 1924 323 1973 Quin
342 1924 386 1963 ea
404 1932 441 1965 te
459 1939 573 1965 oeusa
590 1926 702 1974 duco,
723 1933 768 1963 ut
786 1924 827 1963 id
844 1924 946 1964 dioes
963 1924 1074 1973 mihi,

94 1982 228 2032 Atque
246 1978 358 2016 illum
375 1986 420 2017 ut
437 1991 572 2018 sanum
588 1979 714 2018 facias.

553 2034 666 2072 Med.
700 2032 885 2071 Perfacile
901 2031 943 2070 id
960 2031 1118 2084 quidem
1137 2039 1204 2069 est.

94 2087 239 2125 Sanum
260 2085 451 2133 futurum,
469 2086 557 2125 mea
574 2100 644 2138 ego
660 2086 701 2124 id
718 2085 900 2138 promitto
918 2085 1005 2124 fide.

93 2141 182 2178 Seu.
209 2139 360 2190 Magna
378 2152 467 2177 cum
486 2139 578 2178 cura
595 2152 665 2191 ego
682 2139 794 2177 illum
813 2139 937 2177 curari
955 2139 1054 2177 volo.

92 2194 204 2230 Med.
237 2192 345 2240 Quin
364 2193 564 2245 suspirabo
580 2193 669 2244 plus
685 2192 893 2232 sexcenties
911 2192 950 2230 in
969 2191 1054 2235 die;
1156 2190 1204 2226 15

144 2256 247 2284 vot.
270 2257 322 2285 11.
952 2257 986 2282 M
