1435 2400
203 64 257 102 36
536 63 840 104 CURCULIO.
867 63 918 103 V.
944 65 982 102 3.

205 171 247 208 N
250 181 323 208 unc
341 169 499 208 domum
518 182 717 221 properare
733 178 877 209 certum
892 169 954 209 ’st-

600 225 717 262 Ther.
746 224 857 262 Heus
876 231 934 272 tu,
953 222 1064 262 leno!
1096 228 1133 260 te
1153 222 1254 261 volo.
1281 221 1307 258 8

207 277 347 315 Phaed.
375 276 429 315 Et
447 289 515 327 ego
533 283 570 314 te
588 277 683 314 volo.

421 331 515 379 Cap.
545 330 603 368 At
622 342 691 380 ego
709 342 773 368 vos
792 330 880 367 nolo
898 331 1041 368 ambos.

846 384 959 421 Ther.
989 384 1070 430 Sta,
1091 382 1156 430 sis,
1176 381 1304 426 illieo;

206 435 340 486 Atque
358 443 555 486 argentum
574 448 728 487 propere
745 447 901 486 propera
919 448 1079 473 vomere.

655 491 750 538 Cap.
779 488 885 536 Quid
902 501 1052 526 mecum
1069 489 1116 526 'st
1131 486 1229 526 tibi?
1260 487 1309 525 10

205 541 292 580 Aut
311 543 467 580 tecum?
496 549 621 580 aut..
643 569 682 579 ..

444 596 558 633 Tlaer.
585 596 689 642 Quia
701 608 768 645 ego
785 608 831 632 ex
850 602 887 633 te
904 594 1015 632 hodie
1032 594 1168 632 faciam
1185 593 1309 644 pilum

542 648 830 698 catapultarium
845 662 856 691 ς

206 700 340 752 Atque
357 701 410 738 ita
428 708 464 739 te
482 713 594 739 nervo
614 703 806 752 torquebo,
819 701 951 739 itidem
965 700 1022 738 uti
1039 700 1238 752 catapultae
1251 712 1311 738 so-

364 755 456 792 lent.

207 808 343 846 Plaeaed.
372 807 588 845 Delicatum
613 815 649 845 te
675 806 787 845 hodie
817 806 966 855 faciam,
996 818 1083 845 cum
1111 806 1243 845 catello
1267 813 1311 845 ut

366 862 536 908 accubeS,

207 914 359 961 Feri-eo,
379 925 448 964 ego
461 913 555 951 dico.

423 968 519 1016 Cap.
546 967 604 1005 At
623 979 690 1017 ego
705 979 769 1004 vos
787 966 914 1013 ambo,
937 965 978 1003 in
996 967 1150 1004 robusto
1168 978 1310 1004 carcere

209 1021 265 1059 Ut
283 1019 455 1072 pereatiS.

428 1073 543 1110 Ther.
572 1071 725 1109 Collum
744 1071 958 1121 obstringe3
984 1071 1127 1110 abduce
1144 1072 1259 1110 istum
1270 1071 1310 1109 in

526 1125 670 1162 malam
691 1137 852 1162 crucem.
1261 1126 1309 1163 15

209 1181 348 1219 Phaed.
379 1178 514 1227 Quid?
543 1178 635 1228 quid
655 1180 740 1215 est?
768 1176 846 1227 ipse
865 1177 935 1215 ibit
951 1178 1087 1228 potius.

452 1234 545 1281 Cap.
577 1232 652 1268 Pro
672 1231 798 1268 Deum
819 1238 932 1281 atque
950 1231 1150 1269 hominum
1168 1231 1307 1270 fidem!

210 1287 379 1325 Hoccine
397 1294 505 1337 pacto
523 1284 784 1321 indemnatum
799 1292 912 1334 atque
929 1284 1145 1322 intestatum
1165 1296 1227 1323 me
1245 1286 1313 1323 ab·

367 1340 399 1376 ri
426 1340 471 1376 i?

209 1353 645 1437 Obsecro,p121anesium‚
666 1397 702 1428 et
728 1397 776 1438 te,
804 1389 1041 1437 Phaedrome,
1061 1390 1254 1428 auxilium
1269 1397 1313 1429 ut

368 1445 475 1482 feras.

209 1500 329 1537 Plan.
353 1498 499 1543 Frater,
528 1498 678 1534 obsecro
705 1503 756 1544 te,
785 1496 864 1534 noli
890 1496 992 1534 hunc
1019 1496 1314 1536 condemnatum

395 1550 532 1588 erdere.

207 1605 315 1651 Bene
329 1565 518 1655 etppudice
535 1615 597 1640 me
615 1602 718 1639 domi
735 1602 881 1640 habuit.

589 1657 704 1693 Ther.
733 1656 852 1693 Haud
870 1656 1061 1694 voluntate
1079 1656 1119 1693 id
1137 1655 1229 1695 sua:
1260 1659 1312 1695 20

207 1710 430 1761 AEsculapio
447 1709 536 1747 huic
554 1708 704 1757 habeto,
725 1722 840 1759 quom
860 1709 997 1759 pudica
1016 1723 1068 1757 es,
1087 1710 1274 1760 gratiam:

212 1765 254 1803 N
256 1777 333 1811 am,
363 1764 395 1801 si
421 1764 452 1800 is
480 1762 669 1810 valuisset,
695 1763 776 1812 jam
804 1762 964 1812 pridem,
994 1775 1147 1814 quoquo
1173 1770 1311 1814 posset,

367 1817 544 1854 mitteret.

208 1871 347 1910 Phaed.
366 1869 557 1907 Animum
577 1868 772 1916 advortite,
787 1869 818 1906 si
835 1868 932 1920 potis
943 1881 1028 1907 sum
1046 1869 1118 1908 hoc
1133 1869 1232 1907 inter
1248 1882 1315 1908 vos

368 1934 599 1973 componere.

206 1977 324 2016 Mitte
342 1977 476 2015 istunc.
516 1976 667 2014 Accede
684 1976 773 2023 huc,
792 1975 891 2014 leno.
929 1975 1066 2014 Dicam
1083 1987 1210 2014 meam
1229 1987 1313 2013 sen-

365 2038 536 2075 tentiam,

205 2083 401 2136 Siquidem
423 2082 546 2131 voltis,
566 2082 668 2134 quod
687 2082 850 2131 decrero,
871 2082 1002 2121 facere.

731 2136 828 2186 Cap.
855 2135 947 2175 Tibi
965 2135 1232 2186 permittimus,
1261 2135 1312 2173 25
