<?xml version="1.0" encoding="UTF-8"?>
<!DOCTYPE html PUBLIC "-//W3C//DTD XHTML 1.0 Transitional//EN"
    "http://www.w3.org/TR/xhtml1/DTD/xhtml1-transitional.dtd">
<html xmlns="http://www.w3.org/1999/xhtml" xml:lang="en" lang="en">
 <head>
  <title>
</title>
<meta http-equiv="Content-Type" content="text/html;charset=utf-8" />
  <meta name='ocr-system' content='tesseract 3.04.00' />
  <meta name='ocr-capabilities' content='ocr_page ocr_carea ocr_par ocr_line ocrx_word'/>
</head>
<body>
  <div class='ocr_page' id='page_1' title='image "./comoediaesupers02plauuoft_0221.png"; bbox 0 0 1435 2400; ppageno 0'>
   <div class='ocr_carea' id='block_1_1' title="bbox 302 55 1195 98">
    <p class='ocr_par' dir='ltr' id='par_1_1' title="bbox 302 55 1195 98">
     <span class='ocr_line' id='line_1_1' title="bbox 302 55 1195 98; baseline -0.003 -2"><span class='ocrx_word' id='word_1_1' title='bbox 302 57 482 97; x_wconf 83' lang='lat' dir='ltr'>MILES</span> <span class='ocrx_word' id='word_1_2' title='bbox 510 56 840 98; x_wconf 88' lang='lat' dir='ltr'><strong>GLORIOSUS.</strong></span> <span class='ocrx_word' id='word_1_3' title='bbox 869 57 928 96; x_wconf 89' lang='grc' dir='ltr'><strong>ΙΙ.</strong></span> <span class='ocrx_word' id='word_1_4' title='bbox 953 58 992 97; x_wconf 88' lang='grc'><strong>6.</strong></span> <span class='ocrx_word' id='word_1_5' title='bbox 1116 55 1195 94; x_wconf 83' lang='grc'><strong>213</strong></span> 
     </span>
    </p>
   </div>
   <div class='ocr_carea' id='block_1_2' title="bbox 338 213 947 254">
    <p class='ocr_par' dir='ltr' id='par_1_2' title="bbox 338 213 947 254">
     <span class='ocr_line' id='line_1_2' title="bbox 338 213 947 254; baseline -0.002 -3"><span class='ocrx_word' id='word_1_6' title='bbox 338 213 524 253; x_wconf 89' lang='lat' dir='ltr'>ACTUS</span> <span class='ocrx_word' id='word_1_7' title='bbox 546 213 606 252; x_wconf 88' lang='grc' dir='ltr'><strong>ΙΙ.</strong></span> <span class='ocrx_word' id='word_1_8' title='bbox 665 214 851 254; x_wconf 78' lang='lat' dir='ltr'>SCENA</span> <span class='ocrx_word' id='word_1_9' title='bbox 870 213 947 251; x_wconf 85' lang='lat' dir='ltr'><strong>VI.</strong></span> 
     </span>
    </p>
   </div>
   <div class='ocr_carea' id='block_1_3' title="bbox 241 320 1034 360">
    <p class='ocr_par' dir='ltr' id='par_1_3' title="bbox 241 320 1034 360">
     <span class='ocr_line' id='line_1_3' title="bbox 241 320 1034 360; baseline -0.003 0"><span class='ocrx_word' id='word_1_10' title='bbox 241 320 520 360; x_wconf 76' lang='lat' dir='ltr'><strong>SCELEDRUS.</strong></span> <span class='ocrx_word' id='word_1_11' title='bbox 563 321 1034 359; x_wconf 73' lang='lat' dir='ltr'><strong>PERIPLECTOMENES.</strong></span> 
     </span>
    </p>
   </div>
   <div class='ocr_carea' id='block_1_4' title="bbox 74 426 1195 1059">
    <p class='ocr_par' dir='ltr' id='par_1_4' title="bbox 82 426 1051 479">
     <span class='ocr_line' id='line_1_4' title="bbox 82 426 1051 479; baseline 0 -15"><span class='ocrx_word' id='word_1_12' title='bbox 82 428 181 464; x_wconf 76' lang='lat' dir='ltr'><strong>Scel.</strong></span> <span class='ocrx_word' id='word_1_13' title='bbox 209 426 345 465; x_wconf 84' lang='lat' dir='ltr'><strong>Sati&#39;n&#39;</strong></span> <span class='ocrx_word' id='word_1_14' title='bbox 365 427 458 466; x_wconf 89' lang='lat' dir='ltr'><strong>abiit</strong></span> <span class='ocrx_word' id='word_1_15' title='bbox 474 428 553 475; x_wconf 83' lang='lat' dir='ltr'><strong>ille,</strong></span> <span class='ocrx_word' id='word_1_16' title='bbox 573 439 698 479; x_wconf 86' lang='lat' dir='ltr'><strong>neque</strong></span> <span class='ocrx_word' id='word_1_17' title='bbox 714 427 833 466; x_wconf 84' lang='lat' dir='ltr'><strong>herile</strong></span> <span class='ocrx_word' id='word_1_18' title='bbox 853 426 1051 477; x_wconf 76' lang='lat' dir='ltr'><strong>negotium</strong></span> 
     </span>
    </p>

    <p class='ocr_par' dir='ltr' id='par_1_5' title="bbox 84 480 981 532">
     <span class='ocr_line' id='line_1_5' title="bbox 84 480 981 532; baseline 0.001 -15"><span class='ocrx_word' id='word_1_19' title='bbox 84 480 180 517; x_wconf 92' lang='lat' dir='ltr'><strong>Plus</strong></span> <span class='ocrx_word' id='word_1_20' title='bbox 198 487 317 524; x_wconf 85' lang='lat' dir='ltr'><strong>curat,</strong></span> <span class='ocrx_word' id='word_1_21' title='bbox 338 494 455 532; x_wconf 87' lang='lat' dir='ltr'><strong>quam</strong></span> <span class='ocrx_word' id='word_1_22' title='bbox 474 482 507 520; x_wconf 88' lang='lat' dir='ltr'><strong>si</strong></span> <span class='ocrx_word' id='word_1_23' title='bbox 524 493 601 519; x_wconf 91' lang='lat' dir='ltr'><strong>non</strong></span> <span class='ocrx_word' id='word_1_24' title='bbox 619 481 796 519; x_wconf 84' lang='lat' dir='ltr'><strong>servitute</strong></span> <span class='ocrx_word' id='word_1_25' title='bbox 815 480 950 518; x_wconf 84' lang='lat' dir='ltr'><strong>serviat</strong></span> <span class='ocrx_word' id='word_1_26' title='bbox 963 483 981 518; x_wconf 84' lang='lat'>?</span> 
     </span>
    </p>

    <p class='ocr_par' dir='ltr' id='par_1_6' title="bbox 82 533 1097 584">
     <span class='ocr_line' id='line_1_6' title="bbox 82 533 1097 584; baseline 0.001 -14"><span class='ocrx_word' id='word_1_27' title='bbox 82 533 196 571; x_wconf 87' lang='lat' dir='ltr'><strong>Certo</strong></span> <span class='ocrx_word' id='word_1_28' title='bbox 214 533 368 584; x_wconf 88' lang='lat' dir='ltr'><strong>quidem</strong></span> <span class='ocrx_word' id='word_1_29' title='bbox 387 535 456 572; x_wconf 85' lang='lat' dir='ltr'><strong>illa</strong></span> <span class='ocrx_word' id='word_1_30' title='bbox 473 535 553 573; x_wconf 87' lang='lat' dir='ltr'><strong>haec</strong></span> <span class='ocrx_word' id='word_1_31' title='bbox 571 544 700 572; x_wconf 85' lang='lat' dir='ltr'><strong>nostra</strong></span> <span class='ocrx_word' id='word_1_32' title='bbox 717 534 851 572; x_wconf 89' lang='lat' dir='ltr'><strong>intu&#39;st</strong></span> <span class='ocrx_word' id='word_1_33' title='bbox 869 533 909 570; x_wconf 83' lang='lat' dir='ltr'><strong>in</strong></span> <span class='ocrx_word' id='word_1_34' title='bbox 928 533 1097 572; x_wconf 85' lang='lat' dir='ltr'><strong>aedibus:</strong></span> 
     </span>
    </p>

    <p class='ocr_par' dir='ltr' id='par_1_7' title="bbox 80 586 1075 636">
     <span class='ocr_line' id='line_1_7' title="bbox 80 586 1075 636; baseline 0.002 -13"><span class='ocrx_word' id='word_1_35' title='bbox 80 586 186 623; x_wconf 88' lang='lat' dir='ltr'><strong>Nam</strong></span> <span class='ocrx_word' id='word_1_36' title='bbox 206 599 276 636; x_wconf 84' lang='lat' dir='ltr'><strong>ego</strong></span> <span class='ocrx_word' id='word_1_37' title='bbox 292 594 329 624; x_wconf 87' lang='lat' dir='ltr'><strong>et</strong></span> <span class='ocrx_word' id='word_1_38' title='bbox 345 589 546 626; x_wconf 81' lang='lat' dir='ltr'><strong>cubantem</strong></span> <span class='ocrx_word' id='word_1_39' title='bbox 565 600 650 626; x_wconf 87' lang='lat' dir='ltr'><strong>eam</strong></span> <span class='ocrx_word' id='word_1_40' title='bbox 667 588 782 626; x_wconf 91' lang='lat' dir='ltr'><strong>modo</strong></span> <span class='ocrx_word' id='word_1_41' title='bbox 800 586 941 624; x_wconf 88' lang='lat' dir='ltr'><strong>offendi</strong></span> <span class='ocrx_word' id='word_1_42' title='bbox 958 586 1075 625; x_wconf 86' lang='lat' dir='ltr'><strong>domi.</strong></span> 
     </span>
    </p>

    <p class='ocr_par' dir='ltr' id='par_1_8' title="bbox 78 639 1190 692">
     <span class='ocr_line' id='line_1_8' title="bbox 78 639 1190 692; baseline 0 -15"><span class='ocrx_word' id='word_1_43' title='bbox 78 639 238 677; x_wconf 88' lang='lat' dir='ltr'>Certum</span> <span class='ocrx_word' id='word_1_44' title='bbox 253 641 300 677; x_wconf 87' lang='lat' dir='ltr'><strong>&#39;st</strong></span> <span class='ocrx_word' id='word_1_45' title='bbox 318 653 419 679; x_wconf 88' lang='lat' dir='ltr'><strong>nunc</strong></span> <span class='ocrx_word' id='word_1_46' title='bbox 438 641 688 679; x_wconf 83' lang='lat' dir='ltr'><strong>observationi</strong></span> <span class='ocrx_word' id='word_1_47' title='bbox 696 644 860 692; x_wconf 83' lang='lat' dir='ltr'><strong>‘operam</strong></span> <span class='ocrx_word' id='word_1_48' title='bbox 878 639 979 678; x_wconf 73' lang='lat' dir='ltr'><strong>dare.</strong></span> <span class='ocrx_word' id='word_1_49' title='bbox 1161 642 1190 680; x_wconf 66' lang='lat'><strong>,5</strong></span> 
     </span>
    </p>

    <p class='ocr_par' dir='ltr' id='par_1_9' title="bbox 77 693 1195 796">
     <span class='ocr_line' id='line_1_9' title="bbox 77 693 1195 745; baseline 0.002 -16"><span class='ocrx_word' id='word_1_50' title='bbox 77 694 217 743; x_wconf 73' lang='lat' dir='ltr'><strong>Perip.</strong></span> <span class='ocrx_word' id='word_1_51' title='bbox 245 693 336 731; x_wconf 83' lang='lat' dir='ltr'><strong>Non</strong></span> <span class='ocrx_word' id='word_1_52' title='bbox 361 694 532 745; x_wconf 85' lang='lat' dir='ltr'><strong>(hercle)</strong></span> <span class='ocrx_word' id='word_1_53' title='bbox 556 694 639 733; x_wconf 88' lang='lat' dir='ltr'><strong>hice</strong></span> <span class='ocrx_word' id='word_1_54' title='bbox 658 695 830 732; x_wconf 80' lang='lat' dir='ltr'><strong>homines</strong></span> <span class='ocrx_word' id='word_1_55' title='bbox 854 706 917 731; x_wconf 89' lang='lat' dir='ltr'><strong>me</strong></span> <span class='ocrx_word' id='word_1_56' title='bbox 941 705 1101 741; x_wconf 88' lang='lat' dir='ltr'><strong>marem,</strong></span> <span class='ocrx_word' id='word_1_57' title='bbox 1130 693 1195 731; x_wconf 89' lang='lat' dir='ltr'><strong>sed</strong></span> 
     </span>
     <span class='ocr_line' id='line_1_10' title="bbox 244 746 442 796; baseline 0.015 -13"><span class='ocrx_word' id='word_1_58' title='bbox 244 746 442 796; x_wconf 82' lang='lat' dir='ltr'><strong>feminam,</strong></span> 
     </span>
    </p>

    <p class='ocr_par' dir='ltr' id='par_1_10' title="bbox 79 798 752 840">
     <span class='ocr_line' id='line_1_11' title="bbox 79 798 752 840; baseline 0.001 -3"><span class='ocrx_word' id='word_1_59' title='bbox 79 798 211 837; x_wconf 85' lang='lat' dir='ltr'><strong>Vicini</strong></span> <span class='ocrx_word' id='word_1_60' title='bbox 227 808 358 838; x_wconf 87' lang='lat' dir='ltr'><strong>rentur</strong></span> <span class='ocrx_word' id='word_1_61' title='bbox 376 814 454 840; x_wconf 59' lang='lat' dir='ltr'><strong>esse</strong></span> <span class='ocrx_word' id='word_1_62' title='bbox 471 801 569 839; x_wconf 82' lang='lat' dir='ltr'><strong>servi</strong></span> <span class='ocrx_word' id='word_1_63' title='bbox 588 800 752 839; x_wconf 80' lang='lat' dir='ltr'><strong>Militis:</strong></span> 
     </span>
    </p>

    <p class='ocr_par' dir='ltr' id='par_1_11' title="bbox 76 852 1116 905">
     <span class='ocr_line' id='line_1_12' title="bbox 76 852 1116 905; baseline 0.002 -16"><span class='ocrx_word' id='word_1_64' title='bbox 76 852 141 890; x_wconf 80' lang='lat' dir='ltr'><strong>Ita</strong></span> <span class='ocrx_word' id='word_1_65' title='bbox 158 865 221 890; x_wconf 90' lang='lat' dir='ltr'><strong>me</strong></span> <span class='ocrx_word' id='word_1_66' title='bbox 238 853 448 892; x_wconf 84' lang='lat' dir='ltr'><strong>ludificant.</strong></span> <span class='ocrx_word' id='word_1_67' title='bbox 488 855 673 892; x_wconf 83' lang='lat' dir='ltr'><strong>Meamne</strong></span> <span class='ocrx_word' id='word_1_68' title='bbox 690 854 754 891; x_wconf 82' lang='lat' dir='ltr'><strong>hic</strong></span> <span class='ocrx_word' id='word_1_69' title='bbox 771 854 812 891; x_wconf 91' lang='lat' dir='ltr'><strong>in</strong></span> <span class='ocrx_word' id='word_1_70' title='bbox 833 853 895 891; x_wconf 65' lang='lat' dir='ltr'><strong>via</strong></span> <span class='ocrx_word' id='word_1_71' title='bbox 908 854 1116 905; x_wconf 84' lang='lat' dir='ltr'>hospitam,</span> 
     </span>
    </p>

    <p class='ocr_par' dir='ltr' id='par_1_12' title="bbox 74 905 1119 958">
     <span class='ocr_line' id='line_1_13' title="bbox 74 905 1119 958; baseline 0.001 -15"><span class='ocrx_word' id='word_1_72' title='bbox 74 905 179 953; x_wconf 56' lang='lat' dir='ltr'><strong>‚Quae</strong></span> <span class='ocrx_word' id='word_1_73' title='bbox 197 907 278 944; x_wconf 89' lang='lat' dir='ltr'><strong>heri</strong></span> <span class='ocrx_word' id='word_1_74' title='bbox 294 907 370 945; x_wconf 87' lang='lat' dir='ltr'><strong>huc</strong></span> <span class='ocrx_word' id='word_1_75' title='bbox 390 907 554 945; x_wconf 83' lang='lat' dir='ltr'><strong>Athenis</strong></span> <span class='ocrx_word' id='word_1_76' title='bbox 573 921 662 946; x_wconf 89' lang='lat' dir='ltr'><strong>cum</strong></span> <span class='ocrx_word' id='word_1_77' title='bbox 680 907 828 958; x_wconf 86' lang='lat' dir='ltr'><strong>hospite</strong></span> <span class='ocrx_word' id='word_1_78' title='bbox 847 907 1001 944; x_wconf 86' lang='lat' dir='ltr'><strong>advenit</strong></span> <span class='ocrx_word' id='word_1_79' title='bbox 1019 920 1119 954; x_wconf 80' lang='lat' dir='ltr'><strong>meo,</strong></span> 
     </span>
    </p>

    <p class='ocr_par' dir='ltr' id='par_1_13' title="bbox 79 958 1192 1010">
     <span class='ocr_line' id='line_1_14' title="bbox 79 958 1192 1010; baseline 0.003 -15"><span class='ocrx_word' id='word_1_80' title='bbox 79 958 299 996; x_wconf 84' lang='lat' dir='ltr'><strong>Tractatam</strong></span> <span class='ocrx_word' id='word_1_81' title='bbox 318 968 355 997; x_wconf 92' lang='lat' dir='ltr'><strong>et</strong></span> <span class='ocrx_word' id='word_1_82' title='bbox 371 960 621 1007; x_wconf 79' lang='lat' dir='ltr'><strong>ludificatam,</strong></span> <span class='ocrx_word' id='word_1_83' title='bbox 637 961 844 1010; x_wconf 87' lang='lat' dir='ltr'><strong>ingenuam</strong></span> <span class='ocrx_word' id='word_1_84' title='bbox 864 968 901 998; x_wconf 87' lang='lat' dir='ltr'><strong>et</strong></span> <span class='ocrx_word' id='word_1_85' title='bbox 918 960 1078 998; x_wconf 87' lang='lat' dir='ltr'><strong>liberam</strong></span> <span class='ocrx_word' id='word_1_86' title='bbox 1093 963 1110 998; x_wconf 68' lang='grc' dir='ltr'><strong>ἶ)</strong></span> <span class='ocrx_word' id='word_1_87' title='bbox 1143 961 1192 998; x_wconf 91' lang='grc'><strong>10</strong></span> 
     </span>
    </p>

    <p class='ocr_par' dir='ltr' id='par_1_14' title="bbox 79 1012 1191 1059">
     <span class='ocr_line' id='line_1_15' title="bbox 79 1012 1191 1059; baseline 0.003 -10"><span class='ocrx_word' id='word_1_88' title='bbox 79 1013 176 1049; x_wconf 77' lang='lat' dir='ltr'><strong>Scel.</strong></span> <span class='ocrx_word' id='word_1_89' title='bbox 206 1012 321 1059; x_wconf 76' lang='lat' dir='ltr'><strong>Perii,</strong></span> <span class='ocrx_word' id='word_1_90' title='bbox 344 1012 491 1052; x_wconf 83' lang='lat' dir='ltr'><strong>hercle!</strong></span> <span class='ocrx_word' id='word_1_91' title='bbox 525 1013 603 1051; x_wconf 91' lang='lat' dir='ltr'><strong>Hic</strong></span> <span class='ocrx_word' id='word_1_92' title='bbox 627 1013 676 1051; x_wconf 87' lang='lat' dir='ltr'><strong>ad</strong></span> <span class='ocrx_word' id='word_1_93' title='bbox 700 1026 763 1050; x_wconf 89' lang='lat' dir='ltr'><strong>me</strong></span> <span class='ocrx_word' id='word_1_94' title='bbox 785 1013 886 1050; x_wconf 73' lang='lat' dir='ltr'><strong>recta</strong></span> <span class='ocrx_word' id='word_1_95' title='bbox 909 1013 1026 1051; x_wconf 85' lang='lat' dir='ltr'><strong>habet</strong></span> <span class='ocrx_word' id='word_1_96' title='bbox 1049 1021 1191 1052; x_wconf 85' lang='lat' dir='ltr'><strong>rectam</strong></span> 
     </span>
    </p>
   </div>
   <div class='ocr_carea' id='block_1_5' title="bbox 74 1078 1191 2183">
    <p class='ocr_par' dir='ltr' id='par_1_15' title="bbox 74 1078 1191 2183">
     <span class='ocr_line' id='line_1_16' title="bbox 240 1078 357 1102; baseline 0 0"><span class='ocrx_word' id='word_1_97' title='bbox 240 1078 357 1102; x_wconf 85' lang='lat' dir='ltr'><strong>v1am.</strong></span> 
     </span>
     <span class='ocr_line' id='line_1_17' title="bbox 81 1118 1003 1169; baseline 0.002 -14"><span class='ocrx_word' id='word_1_98' title='bbox 81 1118 234 1165; x_wconf 84' lang='lat' dir='ltr'><strong>Metuo,</strong></span> <span class='ocrx_word' id='word_1_99' title='bbox 255 1118 351 1156; x_wconf 87' lang='lat' dir='ltr'><strong>illaec</strong></span> <span class='ocrx_word' id='word_1_100' title='bbox 369 1118 465 1156; x_wconf 82' lang='lat' dir='ltr'><strong>mihi</strong></span> <span class='ocrx_word' id='word_1_101' title='bbox 484 1131 542 1156; x_wconf 88' lang='lat' dir='ltr'><strong>res</strong></span> <span class='ocrx_word' id='word_1_102' title='bbox 559 1131 609 1156; x_wconf 88' lang='lat' dir='ltr'><strong>ne</strong></span> <span class='ocrx_word' id='word_1_103' title='bbox 627 1130 767 1169; x_wconf 85' lang='lat' dir='ltr'><strong>magno</strong></span> <span class='ocrx_word' id='word_1_104' title='bbox 785 1119 888 1157; x_wconf 87' lang='lat' dir='ltr'><strong>malo</strong></span> <span class='ocrx_word' id='word_1_105' title='bbox 906 1119 1003 1163; x_wconf 81' lang='lat' dir='ltr'><strong>fuat,</strong></span> 
     </span>
     <span class='ocr_line' id='line_1_18' title="bbox 79 1171 1067 1218; baseline 0.003 -11"><span class='ocrx_word' id='word_1_106' title='bbox 79 1171 284 1218; x_wconf 87' lang='lat' dir='ltr'><strong>Quantum</strong></span> <span class='ocrx_word' id='word_1_107' title='bbox 301 1172 403 1210; x_wconf 87' lang='lat' dir='ltr'><strong>hunc</strong></span> <span class='ocrx_word' id='word_1_108' title='bbox 421 1171 551 1209; x_wconf 88' lang='lat' dir='ltr'><strong>audivi</strong></span> <span class='ocrx_word' id='word_1_109' title='bbox 568 1172 688 1210; x_wconf 82' lang='lat' dir='ltr'><strong>facere</strong></span> <span class='ocrx_word' id='word_1_110' title='bbox 707 1174 907 1210; x_wconf 86' lang='lat' dir='ltr'><strong>verborum</strong></span> <span class='ocrx_word' id='word_1_111' title='bbox 926 1185 1067 1210; x_wconf 88' lang='lat' dir='ltr'><strong>senem.</strong></span> 
     </span>
     <span class='ocr_line' id='line_1_19' title="bbox 79 1225 1190 1274; baseline 0.002 -12"><span class='ocrx_word' id='word_1_112' title='bbox 79 1226 219 1274; x_wconf 76' lang='lat' dir='ltr'><strong>Perip.</strong></span> <span class='ocrx_word' id='word_1_113' title='bbox 247 1225 442 1263; x_wconf 84' lang='lat' dir='ltr'><strong>Accedam</strong></span> <span class='ocrx_word' id='word_1_114' title='bbox 457 1225 505 1262; x_wconf 85' lang='lat' dir='ltr'><strong>ad</strong></span> <span class='ocrx_word' id='word_1_115' title='bbox 523 1225 729 1263; x_wconf 88' lang='lat' dir='ltr'><strong>hominem.</strong></span> <span class='ocrx_word' id='word_1_116' title='bbox 761 1226 883 1274; x_wconf 86' lang='lat' dir='ltr'><strong>Tun&#39;,</strong></span> <span class='ocrx_word' id='word_1_117' title='bbox 903 1225 1089 1273; x_wconf 77' lang='lat' dir='ltr'><strong>Sceledre,</strong></span> <span class='ocrx_word' id='word_1_118' title='bbox 1109 1225 1190 1273; x_wconf 80' lang='lat' dir='ltr'><strong>hio,</strong></span> 
     </span>
     <span class='ocr_line' id='line_1_20' title="bbox 237 1279 568 1329; baseline 0 -13"><span class='ocrx_word' id='word_1_119' title='bbox 237 1279 422 1316; x_wconf 85' lang='lat' dir='ltr'><strong>scelerum</strong></span> <span class='ocrx_word' id='word_1_120' title='bbox 440 1286 568 1329; x_wconf 76' lang='lat' dir='ltr'><strong>caput,</strong></span> 
     </span>
     <span class='ocr_line' id='line_1_21' title="bbox 81 1331 1191 1382; baseline 0.001 -13"><span class='ocrx_word' id='word_1_121' title='bbox 81 1331 215 1370; x_wconf 69' lang='lat' dir='ltr'><strong>Maem</strong></span> <span class='ocrx_word' id='word_1_122' title='bbox 233 1331 436 1370; x_wconf 72' lang='lat' dir='ltr'><strong>ludificasti</strong></span> <span class='ocrx_word' id='word_1_123' title='bbox 453 1332 644 1382; x_wconf 77' lang='lat' dir='ltr'><strong>hospitam</strong></span> <span class='ocrx_word' id='word_1_124' title='bbox 662 1340 750 1371; x_wconf 87' lang='lat' dir='ltr'><strong>ante</strong></span> <span class='ocrx_word' id='word_1_125' title='bbox 769 1332 880 1370; x_wconf 82' lang='lat' dir='ltr'><strong>aedeis</strong></span> <span class='ocrx_word' id='word_1_126' title='bbox 897 1331 1011 1371; x_wconf 88' lang='lat' dir='ltr'><strong>modo</strong></span> <span class='ocrx_word' id='word_1_127' title='bbox 1028 1334 1045 1371; x_wconf 88' lang='lat'><strong>?</strong></span> <span class='ocrx_word' id='word_1_128' title='bbox 1143 1333 1191 1370; x_wconf 88' lang='lat'><strong>15</strong></span> 
     </span>
     <span class='ocr_line' id='line_1_22' title="bbox 80 1385 726 1436; baseline -0.006 -11"><span class='ocrx_word' id='word_1_129' title='bbox 80 1387 179 1425; x_wconf 83' lang='lat' dir='ltr'><strong>Scel.</strong></span> <span class='ocrx_word' id='word_1_130' title='bbox 209 1385 359 1433; x_wconf 86' lang='lat' dir='ltr'><strong>vicine,</strong></span> <span class='ocrx_word' id='word_1_131' title='bbox 380 1385 565 1434; x_wconf 85' lang='lat' dir='ltr'><strong>ausculta,</strong></span> <span class='ocrx_word' id='word_1_132' title='bbox 586 1399 726 1436; x_wconf 57' lang='lat' dir='ltr'><strong>quaeso.</strong></span> 
     </span>
     <span class='ocr_line' id='line_1_23' title="bbox 582 1438 1184 1490; baseline 0 -14"><span class='ocrx_word' id='word_1_133' title='bbox 582 1440 721 1489; x_wconf 73' lang='lat' dir='ltr'><strong>Per-ip.</strong></span> <span class='ocrx_word' id='word_1_134' title='bbox 750 1440 838 1490; x_wconf 86' lang='lat' dir='ltr'><strong>Ego</strong></span> <span class='ocrx_word' id='word_1_135' title='bbox 853 1439 1066 1478; x_wconf 81' lang='lat' dir='ltr'><strong>auscultem</strong></span> <span class='ocrx_word' id='word_1_136' title='bbox 1087 1438 1184 1476; x_wconf 86' lang='lat' dir='ltr'><strong>tibi?</strong></span> 
     </span>
     <span class='ocr_line' id='line_1_24' title="bbox 77 1492 626 1543; baseline 0 -13"><span class='ocrx_word' id='word_1_137' title='bbox 77 1494 176 1531; x_wconf 80' lang='lat' dir='ltr'><strong>Scel.</strong></span> <span class='ocrx_word' id='word_1_138' title='bbox 200 1492 430 1543; x_wconf 76' lang='lat' dir='ltr'><strong>Expurgate</strong></span> <span class='ocrx_word' id='word_1_139' title='bbox 449 1492 534 1530; x_wconf 90' lang='lat' dir='ltr'><strong>volo</strong></span> <span class='ocrx_word' id='word_1_140' title='bbox 551 1505 626 1530; x_wconf 81' lang='lat' dir='ltr'><strong>me.</strong></span> 
     </span>
     <span class='ocr_line' id='line_1_25' title="bbox 530 1544 1188 1597; baseline -0.002 -14"><span class='ocrx_word' id='word_1_141' title='bbox 530 1547 662 1596; x_wconf 85' lang='lat' dir='ltr'><strong>Perip.</strong></span> <span class='ocrx_word' id='word_1_142' title='bbox 694 1545 800 1584; x_wconf 81' lang='lat' dir='ltr'><strong>Tun&#39;</strong></span> <span class='ocrx_word' id='word_1_143' title='bbox 819 1554 856 1584; x_wconf 89' lang='lat' dir='ltr'><strong>te</strong></span> <span class='ocrx_word' id='word_1_144' title='bbox 874 1558 1059 1597; x_wconf 66' lang='lat' dir='ltr'><strong>expurges</strong></span> <span class='ocrx_word' id='word_1_145' title='bbox 1077 1544 1188 1593; x_wconf 83' lang='lat' dir='ltr'><strong>mihi,</strong></span> 
     </span>
     <span class='ocr_line' id='line_1_26' title="bbox 74 1598 1068 1650; baseline 0 -13"><span class='ocrx_word' id='word_1_146' title='bbox 74 1598 158 1646; x_wconf 89' lang='lat' dir='ltr'><strong>Qui</strong></span> <span class='ocrx_word' id='word_1_147' title='bbox 174 1599 322 1637; x_wconf 86' lang='lat' dir='ltr'><strong>facinus</strong></span> <span class='ocrx_word' id='word_1_148' title='bbox 340 1606 490 1637; x_wconf 88' lang='lat' dir='ltr'><strong>tantum</strong></span> <span class='ocrx_word' id='word_1_149' title='bbox 510 1606 665 1650; x_wconf 87' lang='lat' dir='ltr'><strong>tamque</strong></span> <span class='ocrx_word' id='word_1_150' title='bbox 682 1599 886 1650; x_wconf 86' lang='lat' dir='ltr'><strong>indignum</strong></span> <span class='ocrx_word' id='word_1_151' title='bbox 904 1599 1034 1638; x_wconf 83' lang='lat' dir='ltr'><strong>feceris</strong></span> <span class='ocrx_word' id='word_1_152' title='bbox 1051 1601 1068 1637; x_wconf 88' lang='lat'>?</span> 
     </span>
     <span class='ocr_line' id='line_1_27' title="bbox 77 1652 835 1703; baseline 0 -13"><span class='ocrx_word' id='word_1_153' title='bbox 77 1654 160 1698; x_wconf 77' lang='lat' dir='ltr'><strong>An,</strong></span> <span class='ocrx_word' id='word_1_154' title='bbox 181 1653 272 1703; x_wconf 87' lang='lat' dir='ltr'><strong>quia</strong></span> <span class='ocrx_word' id='word_1_155' title='bbox 289 1652 580 1699; x_wconf 47' lang='lat' dir='ltr'><strong>latrocinaminss</strong></span> <span class='ocrx_word' id='word_1_156' title='bbox 599 1652 835 1690; x_wconf 82' lang='lat' dir='ltr'><strong>arbitramini</strong></span> 
     </span>
     <span class='ocr_line' id='line_1_28' title="bbox 81 1704 1188 1754; baseline 0.002 -12"><span class='ocrx_word' id='word_1_157' title='bbox 81 1704 246 1751; x_wconf 89' lang='lat' dir='ltr'><strong>Quidvis</strong></span> <span class='ocrx_word' id='word_1_158' title='bbox 263 1706 374 1744; x_wconf 81' lang='lat' dir='ltr'><strong>licere</strong></span> <span class='ocrx_word' id='word_1_159' title='bbox 391 1705 512 1744; x_wconf 87' lang='lat' dir='ltr'><strong>facere</strong></span> <span class='ocrx_word' id='word_1_160' title='bbox 530 1706 650 1754; x_wconf 82' lang='lat' dir='ltr'><strong>vobis,</strong></span> <span class='ocrx_word' id='word_1_161' title='bbox 671 1708 854 1745; x_wconf 84' lang='lat' dir='ltr'><strong>verbero?</strong></span> <span class='ocrx_word' id='word_1_162' title='bbox 1137 1707 1188 1744; x_wconf 81' lang='lat'><strong>20</strong></span> 
     </span>
     <span class='ocr_line' id='line_1_29' title="bbox 82 1759 396 1797; baseline 0.007 -2"><span class='ocrx_word' id='word_1_163' title='bbox 82 1759 180 1796; x_wconf 82' lang='lat' dir='ltr'><strong>Scel.</strong></span> <span class='ocrx_word' id='word_1_164' title='bbox 210 1759 396 1797; x_wconf 75' lang='lat' dir='ltr'><strong>Licetne.</strong></span> 
     </span>
     <span class='ocr_line' id='line_1_30' title="bbox 204 1812 1185 1864; baseline 0 -15"><span class='ocrx_word' id='word_1_165' title='bbox 204 1813 341 1861; x_wconf 83' lang='lat' dir='ltr'><strong>Perip.</strong></span> <span class='ocrx_word' id='word_1_166' title='bbox 371 1812 443 1859; x_wconf 79' lang='lat' dir='ltr'><strong>At,</strong></span> <span class='ocrx_word' id='word_1_167' title='bbox 467 1813 522 1850; x_wconf 86' lang='lat' dir='ltr'><strong>ita</strong></span> <span class='ocrx_word' id='word_1_168' title='bbox 540 1825 602 1850; x_wconf 89' lang='lat' dir='ltr'><strong>me</strong></span> <span class='ocrx_word' id='word_1_169' title='bbox 620 1812 689 1850; x_wconf 86' lang='lat' dir='ltr'><strong>Dii</strong></span> <span class='ocrx_word' id='word_1_170' title='bbox 707 1812 877 1864; x_wconf 87' lang='lat' dir='ltr'><strong>Deaeque</strong></span> <span class='ocrx_word' id='word_1_171' title='bbox 893 1825 1024 1851; x_wconf 62' lang='lat' dir='ltr'><strong>omnes</strong></span> <span class='ocrx_word' id='word_1_172' title='bbox 1042 1819 1185 1859; x_wconf 79' lang='lat' dir='ltr'><strong>ament,</strong></span> 
     </span>
     <span class='ocr_line' id='line_1_31' title="bbox 81 1864 934 1916; baseline 0.004 -15"><span class='ocrx_word' id='word_1_173' title='bbox 81 1864 170 1903; x_wconf 84' lang='lat' dir='ltr'><strong>Nisi</strong></span> <span class='ocrx_word' id='word_1_174' title='bbox 186 1867 244 1902; x_wconf 87' lang='lat' dir='ltr'><strong>mi</strong></span> <span class='ocrx_word' id='word_1_175' title='bbox 262 1865 492 1915; x_wconf 88' lang='lat' dir='ltr'><strong>supplicium</strong></span> <span class='ocrx_word' id='word_1_176' title='bbox 510 1866 681 1916; x_wconf 82' lang='lat' dir='ltr'><strong>virgeum</strong></span> <span class='ocrx_word' id='word_1_177' title='bbox 702 1865 749 1903; x_wconf 87' lang='lat' dir='ltr'><strong>de</strong></span> <span class='ocrx_word' id='word_1_178' title='bbox 766 1875 803 1904; x_wconf 88' lang='lat' dir='ltr'><strong>te</strong></span> <span class='ocrx_word' id='word_1_179' title='bbox 821 1866 934 1904; x_wconf 84' lang='lat' dir='ltr'><strong>datur</strong></span> 
     </span>
     <span class='ocr_line' id='line_1_32' title="bbox 78 1918 1016 1970; baseline 0.003 -15"><span class='ocrx_word' id='word_1_180' title='bbox 78 1918 261 1968; x_wconf 86' lang='lat' dir='ltr'><strong>Longum</strong></span> <span class='ocrx_word' id='word_1_181' title='bbox 279 1918 548 1969; x_wconf 86' lang='lat' dir='ltr'><strong>diutinumque</strong></span> <span class='ocrx_word' id='word_1_182' title='bbox 566 1932 589 1957; x_wconf 88' lang='lat' dir='ltr'><strong>a</strong></span> <span class='ocrx_word' id='word_1_183' title='bbox 606 1931 719 1957; x_wconf 89' lang='lat' dir='ltr'><strong>mane</strong></span> <span class='ocrx_word' id='word_1_184' title='bbox 736 1919 784 1956; x_wconf 84' lang='lat' dir='ltr'><strong>ad</strong></span> <span class='ocrx_word' id='word_1_185' title='bbox 803 1932 1016 1970; x_wconf 54' lang='grc' dir='ltr'><strong>νὼρετυω,</strong></span> 
     </span>
     <span class='ocr_line' id='line_1_33' title="bbox 84 1970 980 2033; baseline 0.003 -25"><span class='ocrx_word' id='word_1_186' title='bbox 84 1971 201 2016; x_wconf 81' lang='lat' dir='ltr'><strong>Quod</strong></span> <span class='ocrx_word' id='word_1_187' title='bbox 220 1983 323 2008; x_wconf 69' lang='lat' dir='ltr'><strong>maes</strong></span> <span class='ocrx_word' id='word_1_188' title='bbox 341 1970 555 2022; x_wconf 75' lang='lat' dir='ltr'><strong>confregisti</strong></span> <span class='ocrx_word' id='word_1_189' title='bbox 571 1972 746 2010; x_wconf 65' lang='lat' dir='ltr'><strong>imbrices</strong></span> <span class='ocrx_word' id='word_1_190' title='bbox 764 1979 802 2010; x_wconf 86' lang='lat' dir='ltr'><strong>et</strong></span> <span class='ocrx_word' id='word_1_191' title='bbox 819 1973 980 2033; x_wconf 74' lang='lat' dir='ltr'><strong>tegulas,</strong></span> 
     </span>
     <span class='ocr_line' id='line_1_34' title="bbox 81 2023 1188 2083; baseline -0.002 -20"><span class='ocrx_word' id='word_1_192' title='bbox 81 2025 146 2063; x_wconf 92' lang='lat' dir='ltr'><strong>Ibi</strong></span> <span class='ocrx_word' id='word_1_193' title='bbox 163 2024 256 2062; x_wconf 92' lang='lat' dir='ltr'><strong>dum</strong></span> <span class='ocrx_word' id='word_1_194' title='bbox 276 2023 502 2083; x_wconf 79' lang='lat' dir='ltr'><strong>condignam</strong></span> <span class='ocrx_word' id='word_1_195' title='bbox 522 2032 557 2062; x_wconf 88' lang='lat' dir='ltr'><strong>te</strong></span> <span class='ocrx_word' id='word_1_196' title='bbox 573 2026 728 2063; x_wconf 84' lang='lat' dir='ltr'><strong>sectatu&#39;</strong></span> <span class='ocrx_word' id='word_1_197' title='bbox 731 2039 749 2063; x_wconf 90' lang='lat' dir='ltr'>s</span> <span class='ocrx_word' id='word_1_198' title='bbox 767 2025 942 2070; x_wconf 86' lang='lat' dir='ltr'><strong>simiam;</strong></span> <span class='ocrx_word' id='word_1_199' title='bbox 1137 2025 1188 2061; x_wconf 86' lang='lat'><strong>25</strong></span> 
     </span>
     <span class='ocr_line' id='line_1_35' title="bbox 81 2076 1191 2129; baseline -0.001 -14"><span class='ocrx_word' id='word_1_200' title='bbox 81 2077 274 2128; x_wconf 86' lang='lat' dir='ltr'><strong>Quodque</strong></span> <span class='ocrx_word' id='word_1_201' title='bbox 286 2076 398 2114; x_wconf 84' lang='lat' dir='ltr'><strong>inde</strong></span> <span class='ocrx_word' id='word_1_202' title='bbox 388 2078 642 2128; x_wconf 78' lang='lat' dir='ltr'><strong>inspectavisti</strong></span> <span class='ocrx_word' id='word_1_203' title='bbox 656 2091 787 2116; x_wconf 89' lang='lat' dir='ltr'><strong>meum</strong></span> <span class='ocrx_word' id='word_1_204' title='bbox 801 2078 905 2129; x_wconf 86' lang='lat' dir='ltr'><strong>apud</strong></span> <span class='ocrx_word' id='word_1_205' title='bbox 923 2091 984 2117; x_wconf 91' lang='lat' dir='ltr'><strong>me</strong></span> <span class='ocrx_word' id='word_1_206' title='bbox 1003 2077 1191 2127; x_wconf 83' lang='lat' dir='ltr'><strong>hospitem</strong></span> 
     </span>
     <span class='ocr_line' id='line_1_36' title="bbox 87 2130 1080 2183; baseline -0.001 -13"><span class='ocrx_word' id='word_1_207' title='bbox 87 2131 349 2183; x_wconf 70' lang='lat' dir='ltr'><strong>Amphxum,</strong></span> <span class='ocrx_word' id='word_1_208' title='bbox 368 2130 530 2169; x_wconf 60' lang='lat' dir='ltr'><strong>amicam</strong></span> <span class='ocrx_word' id='word_1_209' title='bbox 549 2143 668 2182; x_wconf 86' lang='lat' dir='ltr'><strong>quom</strong></span> <span class='ocrx_word' id='word_1_210' title='bbox 687 2130 926 2170; x_wconf 75' lang='lat' dir='ltr'><strong>osculabatur</strong></span> <span class='ocrx_word' id='word_1_211' title='bbox 944 2143 1080 2175; x_wconf 86' lang='lat' dir='ltr'><strong>suam;</strong></span> 
     </span>
    </p>
   </div>
  </div>
 </body>
</html>
