1435 2400
464 47 662 86 PERSA.
688 46 776 85 ΙΙΙ.
806 47 842 84 1.
1131 46 1211 84 335

103 153 200 193 Tox.
222 154 385 203 Emitte,
410 154 534 201 sodoe,
559 165 609 191 ne
636 153 758 192 enices
780 153 910 199 fame;
940 153 1020 192 sine
1044 153 1099 191 ire
1123 165 1212 204 pas-

95 263 192 311 Sag.
206 217 483 308 Entisslinetuo,
504 270 548 299 ut
565 261 709 313 possim
725 261 765 300 in
784 260 957 299 bubilem
974 259 1140 309 rejicere,
1157 207 1210 297 ix}

253 323 449 365 vagentur.

101 369 198 405 Tox.
224 367 312 419 Ego
330 368 511 418 rejiciam.
552 369 666 407 Habe
681 370 855 407 animum
872 369 1031 406 bonum.

583 424 677 472 Sag.
711 422 914 465 Creditur,
945 421 1209 459 commodabo.

92 473 259 526 Sequere
275 475 347 513 hac
365 475 426 514 sis.
452 475 672 527 Argentum
687 475 752 513 hic
771 482 842 523 est,
858 450 962 526 qtiod
978 487 1041 512 me
1058 474 1207 565 (1111111213

323 529 405 567 ti.

98 581 194 618 Tox.
222 580 331 629 Quid
349 590 391 620 tu
410 581 487 620 ais
475 581 494 606 ⁹

335 637 429 685 Sag.
457 634 650 674 Dominus
668 647 731 673 me
747 635 862 673 boves
882 642 1093 673 meroetum
1110 634 1209 672 Ere-

447 689 559 726 triam
578 689 694 727 misit.

92 740 211 779 Nunc
228 741 325 779 mihi
342 742 495 781 Eretria
513 742 583 780 erit
600 742 682 781 haec
704 751 770 781 tua
788 741 938 780 domus.

562 797 659 834 Tox.
687 796 818 834 Nimis
837 803 880 833 tu
898 796 1020 833 facete
1038 795 1208 846 loquere.

87 847 224 900 Atque
251 861 327 909 ego⁴
347 862 460 888 omne
486 856 688 901 argentum
715 849 786 887 tibi
814 858 987 887 actutum
1014 849 1207 886 incolume

90 956 195 993 Nam
206 902 446 1004 jagledgglannelis·
461 955 726 1006 sycophantias
736 955 903 994 instruxi
921 965 958 994 et
972 954 1203 1006 comparavi,

89 1008 181 1055 Quo
199 1016 309 1060 pacto
326 1010 374 1047 ab
392 1009 528 1047 lenone
546 1009 716 1046 auferam
735 1009 806 1047 hoc
821 1017 1034 1060 argentum.

705 1063 799 1113 Sag.
830 1063 958 1100 Tanto
976 1062 1122 1100 melior.
1151 1063 1203 1099 25

96 1116 193 1153 Tox.
211 1114 265 1153 Et
283 1116 423 1154 mulier
441 1123 484 1154 ut
503 1115 550 1154 sit
566 1115 699 1163 libera,
720 1124 835 1168 atque
853 1116 934 1167 ipse
948 1115 1049 1153 ultro
1062 1115 1126 1153 det
1144 1128 1206 1153 ar-

297 1177 421 1207 ntum.

86 1220 162 1260 Sed
193 1182 348 1274 seqffieere
376 1236 462 1261 me:
497 1222 548 1261 ad
577 1236 662 1261 eam
691 1235 772 1261 rem
803 1235 897 1261 usus
926 1230 983 1261 est
1009 1223 1078 1261 tua
1109 1222 1208 1260 mihi

248 1276 378 1326 operit.

367 1332 463 1381 Sag.
491 1330 623 1378 Utere,
642 1337 687 1369 ut
705 1330 774 1368 vis.

341 1491 527 1531 ACTUS
556 1492 638 1530 ΠΙ.
696 1491 883 1531 SCENA
910 1491 944 1529 Ι.

427 1599 649 1637 Sur-mo.
697 1599 870 1637 Vmco.

87 1705 171 1741 S.at
201 1704 301 1751 Quae
320 1717 378 1743 res
395 1707 492 1744 bene
509 1713 630 1744 vortat
647 1706 746 1744 mihi
763 1713 800 1744 et
819 1706 888 1744 tibi
907 1714 942 1744 et
961 1706 1082 1744 ventri
1100 1719 1200 1750 meo,

87 1756 416 1808 Perennitatisque
435 1759 527 1797 adeo
545 1760 634 1797 huic
652 1768 835 1811 perpetuo
854 1760 952 1807 cibo,

85 1810 142 1848 Ut
160 1809 256 1847 mihi
275 1811 449 1861 supersit,
468 1820 658 1863 mppetat,
671 1813 913 1865 superstitet3

85 1863 250 1914 Sequere
268 1863 352 1910 hac,
369 1877 454 1902 mea
471 1873 602 1915 gnata‚
622 1878 699 1914 me,
720 1879 808 1904 cum
827 1867 914 1905 Diis
931 1868 1160 1906 volentibus.

84 1915 191 1963 Quoi
208 1916 263 1954 rei
281 1929 394 1967 opera
412 1917 535 1965 detur,
556 1918 639 1965 seis,
658 1927 776 1966 tenes,
799 1920 1007 1972 intelligis.
1175 1924 1200 1958 5

85 1969 377 2008 Communicavi
395 1979 521 2009 tecum
540 1946 694 2010 consilia
711 1974 851 2011 omnia.

83 2021 146 2059 Ea
163 2035 275 2061 causa
292 2023 341 2061 ad
358 2024 430 2062 hoc
445 2025 664 2075 exemplum
684 2034 721 2064 te
738 2027 918 2065 exornavi
938 2040 1020 2077 ego.

84 2074 258 2114 Vaenibis
278 2085 320 2115 tu
341 2077 467 2125 hodie
488 2078 606 2129 virgo.
657 2134 704 2170 V
797 2133 969 2180 Amabo
1181 2134 1191 2157 v

692 2146 770 2182 urg.
987 2132 1043 2171 mi
1060 2141 1168 2184 pater
1181 2163 1191 2171 .
