1435 2400
268 43 340 81 184
571 43 909 84 MERCATOR.
937 45 990 84 V.
1019 48 1057 84 4.

505 207 688 248 ACTUS
716 209 768 246 V.
822 208 1006 248 SCENA
1036 209 1119 248 ΙΙΙ.

510 313 754 352 ΒεΜιΡΗο.
799 315 1117 353 ΙΛέιΜΑοΗυε.

266 421 397 459 Demi.
423 419 544 467 Quasi
558 427 599 458 tu
619 432 814 472 nunquam
835 421 1045 472 quidquam
1070 420 1234 459 assimile
1251 421 1371 471 hujus

421 473 509 511 facti
526 473 666 512 feceris.

264 528 413 576 Lysim.
438 526 600 587 Edepol,
627 538 833 588 nunquam.
884 527 978 566 Cavi
1002 539 1049 565 ne
1074 527 1167 578 quid
1191 527 1367 566 facerem

421 579 502 617 Vix
521 580 627 618 vivus
645 593 729 618 sum
747 581 882 618 miser!

262 632 305 670 N
306 644 368 669 am
383 645 469 670 mm
481 645 590 680 uxor,
610 641 761 683 propter
778 633 898 679 illam,
914 640 992 670 tota
1005 633 1043 670 in
1058 633 1242 671 fermento
1255 634 1366 682 jacet,

262 685 394 723 Demi.
420 686 478 723 At
496 699 564 736 ego
583 686 892 737 expurgationem
908 685 1069 734 habebo,
1089 693 1133 723 ut
1150 698 1198 724 ne
1216 698 1369 724 sucoen-

263 744 607 842 Lysim-sesaguere
635 804 708 830 me.
769 793 843 832 Sed
873 800 1074 831 exeuntem
1105 791 1229 830 filium
1258 791 1367 882 videg

419 856 561 883 meum.

502 999 687 1039 ACTUS
715 1000 768 1038 V.
820 999 1007 1040 SCENA
1035 999 1110 1038 IV.

356 1106 620 1144 EUTchus.
664 1106 982 1144 LY81MAcnus.
1023 1104 1269 1143 DEMIPno.

259 1213 358 1251 Eut.
385 1211 452 1249 Ad
469 1220 615 1263 patrem
632 1213 708 1261 ibo,
728 1220 773 1251 ut
792 1212 923 1250 matris
945 1213 1041 1251 iram
1067 1211 1139 1250 sibi
1163 1224 1239 1250 esse
1261 1210 1366 1250 seda-

421 1273 499 1303 tam
522 1274 623 1304 sciat.

260 1317 292 1356 J
291 1330 353 1356 am
371 1318 494 1356 redeo.

505 1373 654 1421 Lysim.
685 1373 815 1410 Placet
841 1372 1081 1422 principium.
1123 1370 1231 1418 Quid
1249 1369 1361 1421 agis?

614 1425 719 1469 Quid
737 1426 793 1473 fit,
813 1425 1019 1476 Eutyche?

259 1479 355 1515 Eut.
385 1476 560 1528 Optuma
578 1478 855 1529 opportunitate
871 1480 985 1516 ambo
1002 1477 1213 1515 advenistis.

904 1532 1057 1580 Lysim.
1089 1529 1197 1574 Quid
1213 1529 1267 1567 rei
1283 1528 1359 1567 ’sti'

251 1585 355 1622 Eut.
382 1582 492 1620 Uxor
510 1583 578 1621 tibi
603 1584 752 1634 placida
773 1591 810 1623 et
836 1583 1002 1635 placata'
1004 1590 1049 1621 st.
1087 1584 1195 1622 Cette
1212 1582 1364 1620 dextras

415 1647 517 1673 nunc
531 1637 1186 1684 jam.

261 1691 412 1739 Lysim.
436 1688 505 1726 Dii
522 1701 584 1727 me
602 1695 760 1726 servant„

482 1744 579 1781 Eut.
604 1741 696 1779 Tibi
713 1741 874 1779 amicam
893 1743 1039 1780 nullam
1058 1756 1136 1781 esse
1153 1742 1301 1780 nuntio.
1332 1744 1358 1779 5

257 1797 388 1835 Demi.
408 1794 476 1832 Dii
495 1802 531 1832 te
548 1794 730 1846 perdant!
760 1794 865 1842 Quid
884 1798 1011 1846 negoti
1023 1796 1070 1835 'st
1087 1808 1177 1834 nam
1194 1794 1359 1847 (quaeso)

413 1848 509 1886 istuc
523 1850 540 1886 Ρ

547 1903 641 1938 Eut
667 1901 847 1951 Eloquar.

252 1954 444 1993 Animum
461 1954 642 1992 advortite
659 1954 776 2004 igitur
794 1957 918 1993 ambo.

518 2008 670 2056 Lysim.
695 2006 802 2054 Quin
821 2008 890 2046 tibi
904 2009 1017 2047 ambo
1034 2021 1104 2060 op
1085 2020 1185 2046 ram
1205 2008 1354 2046 damus.

251 2062 348 2099 Eut.
379 2059 590 2152 Quialbono
617 2067 706 2099 sunt
733 2073 868 2111 genere
898 2061 993 2112 nati,
1023 2061 1054 2100 si
1084 2067 1175 2100 sunt
1201 2061 1355 2113 ingenio

409 2125 450 2151 m
487 2125 523 2162 o,
