1435 2400
145 67 218 104 114
420 63 808 103 MENAECHMEI.
839 63 890 103 v.
927 63 966 102 1.·
1001 43 1008 50 '

155 173 263 210 Mul.
301 171 430 222 Rogas
452 174 545 210 me?
587 170 625 209 O
656 170 822 208 hominis
852 168 1113 221 impudentem
1144 168 1268 207 auda-

316 224 438 261 ciam!
1213 223 1264 258 13

161 279 272 316 Men.
302 277 392 315 Non
424 284 467 314 tu
498 277 583 325 scis,
614 276 766 324 mulier,
801 277 1002 315 Hecubam
1034 282 1266 327 quapropter

319 342 451 368 canem

163 383 271 422 Graii
288 396 365 421 esse
382 382 660 434 praedicabant.
651 385 668 409 ⁹

665 437 722 472 M
723 436 773 472 ul
803 435 894 472 Non
912 435 1085 486 equidem
1105 435 1194 472 scio.
1221 433 1268 470 15

166 492 279 528 Men.
316 488 441 580 (guia
446 488 547 526 idem
574 488 733 526 faciebat
761 488 936 535 Hecuba,
966 488 1069 538 quod
1098 495 1140 525 tu
1169 498 1273 524 nunc
1308 539 1313 542 .

343 554 441 579 acis·

168 595 313 641 Omnia
331 594 432 632 mala
448 595 653 645 ingerebat,
673 607 903 645 quemquem
921 595 1153 646 adspexerat.

170 650 308 699 Itaque
327 647 447 685 adeo
433 660 518 696 Jure
536 656 655 697 coepta
673 648 855 697 appellari
874 657 930 686 est
947 648 1060 686 canis.

171 704 229 740 M
230 703 280 739 ul
311 700 429 739 Non
419 711 523 738 lstaec
541 713 609 750 ego
627 700 768 750 flagitia
789 714 942 751 possum
961 700 1117 752 perpeti.

173 755 279 793 Nam
293 753 381 791 med
399 761 547 791 aetatem
567 753 721 791 viduam
740 766 817 791 esse
835 755 1027 801 mavelim,
1225 753 1277 790 20

175 808 306 855 Quam
324 806 425 844 istaec
444 806 585 856 flagitia
601 814 667 843 tua
684 807 777 856 pati,
797 819 883 856 quae
901 814 943 844 tu
962 782 1064 844 fac’is.

175 863 289 898 Men.
317 858 424 906 Quid
442 859 481 896 id
499 859 548 896 ad
564 871 639 906 me,
660 867 701 896 tu
722 866 757 896 te
778 866 936 910 nuptam
955 859 1073 911 possis
1091 858 1252 909 perpeti,

175 915 243 952 An
263 913 312 951 sis
331 911 479 950 abitura
497 925 520 948 a
537 919 603 949 tuo
622 912 700 949 viro
714 914 732 950 Ρ
760 913 826 949 An
845 924 927 949 mos
946 921 1000 950 est
1020 913 1074 950 ita
1094 912 1172 957 hic,

176 966 379 1016 Peregrino
398 972 440 1001 ut
457 964 671 1002 advenienti
689 972 840 1002 narrent
857 964 1033 1003 fabulas?

179 1021 287 1057 .Mul.
317 1018 427 1064 Quas
450 1017 628 1055 fabulas?
659 1017 748 1055 Non
771 1017 966 1067 (inquam)
989 1018 1112 1069 patiar
1132 1023 1285 1068 praeter-

335 1071 420 1118 hac,
1230 1072 1282 1107 25

180 1124 286 1172 Quin
307 1124 421 1161 vidua
440 1123 580 1169 vivam,
601 1136 717 1174 quam
737 1132 821 1162 tuos
840 1136 962 1162 mores
980 1123 1179 1175 perferam.

181 1180 292 1215 Men.
321 1177 416 1214 Mea
435 1177 589 1227 quidem
608 1176 780 1227 (hercle)
800 1177 925 1226 causa,
946 1177 1060 1215 vidua
1076 1177 1204 1225 vivito,

181 1231 257 1269 Vel
276 1242 396 1280 usque
414 1229 508 1267 dum
527 1242 687 1280 regnum
706 1230 891 1268 obtinebit
907 1230 1073 1281 Jupiter.

184 1286 242 1322 M
242 1286 291 1321 ul.
320 1284 379 1320 At
392 1282 488 1320 mihi
505 1285 670 1333 negabas
688 1283 833 1320 dudum
852 1283 1074 1334 surripuisse
1090 1290 1153 1328 te;

183 1339 302 1375 Nunc
320 1336 493 1374 eamdem
511 1344 598 1374 ante
616 1336 744 1374 oculos
762 1336 896 1374 attines
911 1337 920 1373 Ξ
953 1337 1044 1374 Non
1063 1343 1100 1374 te
1117 1335 1262 1386 pudet?

186 1393 297 1428 Men.
328 1389 443 1427 Heu.
436 1389 444 1414 '
476 1389 613 1435 hercle,
645 1388 795 1436 mulier,
825 1389 994 1427 multum
1025 1395 1064 1426 et
1094 1388 1220 1427 audax
1253 1397 1291 1428 et

345 1441 448 1479 mala
466 1454 517 1479 es-
1237 1444 1286 1480 31

188 1493 294 1533 Tun‘
313 1494 383 1533 tibi
400 1494 498 1531 hanc
516 1502 727 1546 surreptam
746 1495 867 1533 dicere
884 1495 1013 1542 audes,
1032 1508 1149 1546 quam
1168 1496 1264 1534 mihi

186 1548 306 1586 Dedit
323 1547 397 1585 alia
409 1547 560 1594 mulier,
580 1555 624 1585 ut
641 1547 938 1586 concinnandam
957 1547 1116 1586 darem?

190 1602 298 1639 Mul.
327 1601 416 1647 Nae,
447 1599 544 1638 istuc
574 1601 795 1651 (mecastor)
820 1601 902 1649 jam
933 1608 1080 1651 patrem
1109 1614 1292 1642 arcessam

348 1665 494 1699 meum,

189 1712 322 1758 Atque
341 1705 375 1744 ei
391 1706 551 1743 narrabo
569 1712 636 1742 tua
652 1705 808 1757 flagitia,
827 1720 913 1758 quae
930 1707 1034 1745 facis.
1242 1709 1294 1747 35

192 1762 230 1807 Ι,
250 1759 383 1806 Decio,
405 1771 530 1810 quaere
546 1770 676 1796 meum
694 1767 854 1809 patrem,
874 1768 1000 1798 tecum
1019 1760 1135 1799 simul

193 1814 249 1852 Ut
268 1812 395 1851 veniat
411 1811 459 1849 ad
477 1824 562 1849 me:
593 1812 646 1849 ita
663 1825 743 1850 reni
762 1826 839 1851 esse
857 1813 983 1852 dicito,

193 1868 222 1906 J
224 1880 287 1905 am
306 1878 375 1916 ego
393 1864 558 1915 aperiam
576 1864 677 1902 istaec
694 1873 760 1903 tua
778 1866 934 1916 flagitia.

924 1922 1038 1958 Men.
1066 1922 1207 1960 sanan’
1225 1935 1264 1961 es
1279 1925 1299 1961 Ρ

196 1972 296 2020 Quae
313 1984 399 2010 mea
412 1971 555 2021 flagitia
565 1971 583 2008 ἱ)

446 2026 504 2062 M
505 2026 555 2063 ul.
583 2025 714 2072 Quom
729 2026 871 2076 pallam
886 2033 1001 2078 atque
1015 2040 1151 2068 aurum
1169 2040 1299 2067 meum

196 2079 326 2117 Domo
343 2078 511 2129 suppilas
529 2078 639 2116 uxori
657 2086 748 2126 tuae,
768 2086 805 2117 et
824 2086 899 2117 tuae
1247 2083 1299 2120 40

197 2131 358 2183 Degeris
375 2131 516 2172 amicae.
556 2131 691 2171 Sati'n’
709 2132 789 2171 haec
807 2140 904 2172 recte
920 2133 1099 2174 fabulor?
