1435 2400
222 56 301 93 320
611 50 819 98 PERSA.
845 52 882 90 1.
914 52 949 89 1.

694 160 787 207 δας.
818 157 926 204 Quid
945 169 1047 196 nunc
1065 158 1120 196 vis
1139 161 1259 209 ergo?
1288 160 1340 197 35

238 214 333 251 Tox.
361 211 499 250 Facere
518 211 684 250 amicum
703 211 773 248 tibi
791 223 853 248 me
870 211 969 261 potis
987 224 1026 249 es
1044 211 1328 262 sempiternum.

856 267 946 313 Sag.
975 264 1340 311 Quemadmodum?

241 321 338 358 Tox.
369 319 425 358 Ut
456 318 552 357 mihi
583 318 649 356 des
683 329 862 356 nummos
898 324 1106 366 sexcentos,
1144 331 1239 369 quos
1274 331 1344 369 pro

394 373 516 422 capite
533 371 636 409 illius
654 371 833 422 pendam,

234 425 344 474 Quos
363 425 540 463 continuo
558 425 628 462 tibi
654 436 835 475 reponam
853 423 894 460 in
912 423 984 461 hoc
1003 423 1143 472 triduo,
1163 431 1231 461 aut
1248 437 1345 478 quass

393 478 529 516 triduo.

234 532 347 583 Age!
378 530 405 568 fi
424 531 634 581 benignus3
665 531 836 568 subveni.

235 588 330 635 Sug.
364 584 455 627 Qua
473 583 700 621 confidentia
718 596 848 634 rogare
865 590 907 620 tu
928 596 950 620 a
967 595 1030 621 me
1048 590 1247 634 argentum
1264 590 1347 621 tan-

398 644 481 674 tum
499 636 630 683 audes,
1294 637 1346 674 40

236 689 447 741 Impudens
458 689 477 725 ’ἒ
517 689 639 736 Quin,
663 689 694 727 si
712 696 861 740 egomet
878 696 980 728 totus
1002 701 1186 738 vaeneam,
1206 690 1272 728 vix
1290 702 1347 728 re-

401 742 477 794 cipi
494 742 650 793 potessit

237 796 354 846 Quod
372 803 415 834 tu
437 808 500 834 me
518 807 652 845 rogas:
685 806 777 833 nam
802 802 844 832 tu
865 808 1006 846 aquam
1034 809 1058 834 a
1079 796 1230 847 pumice
1248 808 1351 834 nunc

399 849 580 899 postulem,

242 902 324 951 Qui
342 902 449 952 ipsus
469 901 583 939 sitiat.

352 956 448 993 Tox.
477 954 624 993 Siccine
640 954 712 993 hoc
730 960 767 991 te
785 953 881 991 mihi
899 953 1019 993 facere
1031 955 1049 991 ’ἒ

719 1009 814 1057 δας.
845 1007 953 1052 Quid
969 1007 1107 1046 faciam
1121 1010 1139 1046 ,⁹

1017 1063 1114 1100 Tox.
1142 1060 1320 1112 Rogasne
1333 1061 1351 1098 ἓ

242 1114 437 1154 Alicunde
456 1128 570 1154 exora
587 1121 782 1153 mutuum.

610 1171 705 1218 Sag.
734 1169 799 1206 Tu
818 1167 878 1208 fac
895 1168 1009 1212 idem,
1031 1167 1134 1220 quod
1151 1179 1261 1218 rogas
1278 1179 1354 1206 me.

249 1223 344 1260 Toae.
375 1221 571 1269 Quaesivi3
601 1234 793 1273 nusquam
811 1222 944 1274 reperi.

442 1277 539 1324 Sag.
568 1275 751 1322 Quaeram
770 1276 961 1326 equidem,
983 1275 1015 1314 si
1034 1274 1119 1326 quis
1137 1274 1273 1314 credat.
1302 1275 1353 1312 45

248 1330 342 1366 Tooe.
370 1328 524 1379 Nempe
543 1328 663 1366 habeo
680 1329 720 1366 in
738 1329 896 1368 mundo.

235 1420 241 1423 ,
438 1382 522 1431 Sag.
552 1382 594 1420 Si
611 1381 650 1419 id
669 1382 774 1420 domi
793 1390 888 1420 esset
905 1381 1017 1431 mihi,
1033 1382 1116 1430 jam
1134 1381 1353 1433 pollicerer:

244 1434 332 1473 Hoc
351 1447 482 1473 meum
502 1434 564 1483 'st,
582 1442 627 1472 ut
643 1435 780 1472 faciam
800 1436 942 1473 sedulo.

570 1490 665 1526 Tox.
695 1488 899 1539 Quidquid
917 1488 999 1531 erit,
1016 1487 1139 1539 recipe
1157 1495 1196 1526 te
1213 1488 1262 1526 ad
1280 1501 1355 1527 me.

245 1542 341 1590 δας.
372 1541 513 1589 Quaere
532 1548 670 1579 tamen.
725 1542 813 1592 Ego
830 1542 923 1579 item
941 1541 1086 1589 sedulo,
1108 1541 1141 1579 si
1158 1541 1252 1592 quid
1270 1543 1354 1591 erit,

406 1595 543 1632 faciam
563 1602 607 1632 ut
626 1595 734 1632 scias.

251 1648 346 1685 Tooe.
374 1646 543 1686 Obsecro
575 1654 625 1696 te,
660 1659 829 1694 resecr-03
869 1659 1023 1698 operam
1051 1647 1101 1686 da
1131 1646 1230 1686 hanc
1257 1648 1354 1686 mihi

324 1728 327 1730 -
400 1699 565 1738 fidelem.

577 1755 674 1814 δας.
699 1753 794 1792 Ah'
824 1753 910 1791 odio
927 1766 990 1792 me
1007 1754 1142 1793 enicas.

249 1806 340 1843 Toae.
368 1805 527 1845 Amoris
552 1806 657 1855 vitio,
682 1818 760 1845 non
784 1819 884 1856 meo,
911 1819 1015 1846 nunc
1041 1808 1112 1846 tibi
1138 1809 1356 1860 morologus

403 1859 465 1897 fio.
1303 1863 1355 1899 50

247 1913 343 1962 δας.
368 1912 428 1950 At
448 1913 560 1964 (pol)
580 1925 650 1963 ego
667 1914 734 1951 abs
752 1920 789 1952 te
808 1926 1033 1953 concessero·

611 1968 708 2004 Τοῖα.
733 1968 763 2005 J
765 1979 878 2006 amne
895 1968 975 2006 abis
986 1968 1004 2005 ἲ
1031 1969 1128 2007 bene
1145 1968 1353 2007 ambulatu.

244 2017 320 2057 Sed
346 2018 469 2070 recipe
485 2025 523 2057 te
541 2032 658 2071 quam
685 2020 855 2071 primum
881 2028 1010 2072 potes·
1042 2034 1131 2061 cave
1147 2022 1234 2061 fuas
1259 2021 1357 2060 mihi

403 2072 445 2109 in
463 2073 692 2124 quaestione·

245 2124 380 2177 Usque
397 2137 460 2165 ero
478 2125 597 2177 domi,
617 2126 711 2166 dum
731 2140 915 2168 excoxero
933 2128 1060 2168 lenoni
1077 2129 1237 2168 malum.
