1435 2400
517 96 712 137 PERSA.
742 96 792 137 V.
821 98 859 135 2.
1166 96 1245 136 359

427 206 527 244 Tox.
557 205 666 242 Vi'n'
687 202 877 243 cinaedum
896 214 1039 240 novum
1061 202 1130 241 tibi
1148 203 1245 250 dari,

228 279 231 280 ⁷
555 258 759 309 Paegnium
771 256 789 293 ?
1190 257 1243 294 23

124 311 233 361 Quin
254 311 379 359 elude,
402 318 447 350 ut
465 311 575 357 soles,
596 311 750 362 quando
768 309 863 347 liber
880 308 1017 348 locu'st
1035 309 1111 348 hic.

124 367 210 404 Hui
227 366 237 403 !
268 367 377 404 babae
392 365 402 403 !
432 366 585 404 basilice
605 374 641 403 te
658 363 819 402 intulisti
837 371 875 400 et
892 362 1021 401 facete.
1187 365 1238 401 25

128 421 242 469 Paeg.
271 419 393 457 Decet
411 431 474 457 me
493 419 658 456 facetum
679 430 781 456 esse:
812 424 849 454 et
865 416 968 455 hunc
986 416 1139 455 irridere

122 472 323 511 Lenonem
340 472 472 510 lubido
485 471 547 518 'st,
568 470 720 523 quando
738 469 921 521 dignu'st.

132 527 230 563 Tox.
261 526 397 577 Perge,
417 533 462 563 ut
480 536 656 577 coeperaS.
916 550 920 553 -

575 580 691 628 Paeg.
722 577 824 624 Hoc,
842 577 943 624 leno,
964 576 1047 615 tibi.

123 633 251 670 Dord.
282 632 411 671 Perii!
442 631 603 683 perculit
620 644 685 669 me
701 643 831 681 prope·

647 685 762 733 Poeg.
790 684 896 721 Hem
912 683 922 721 !
954 696 1060 722 serva
1078 697 1244 724 rursum.

122 739 252 778 Dord.
278 737 445 785 Delude,
465 745 509 776 ut
525 730 647 784 fubet,
667 738 780 776 herus
798 736 893 775 dum
910 737 1001 775 hinc
1018 739 1137 776 abest.
1188 740 1240 778 30

125 795 244 843 Paeg.
269 791 443 839 Vide'n’,
463 799 507 829 ut
525 791 600 829 tuis
614 791 723 829 dictis
741 790 882 841 pareo?

124 846 201 885 Sed
219 846 314 898 quin
331 854 375 883 tu
393 844 487 882 meis
505 852 635 882 contra
651 844 745 882 item
763 843 872 881 dictis
890 843 1018 891 servis,

124 900 260 952 Atque
275 899 361 947 hoe,
382 897 487 949 quod
505 897 576 936 tibi
593 897 747 945 suadeo,
768 896 860 935 facis
873 899 891 935 ἲ

119 951 121 953 ’
815 951 944 988 Dord.
973 950 1080 999 Quid
1098 960 1153 991 est
1170 952 1211 991 id
1224 954 1243 992 ?

127 1007 240 1056 Poeg.
262 1004 414 1044 Restim
433 1012 476 1043 tu
495 1004 565 1043 tibi
583 1017 675 1057 cape
693 1015 869 1050 crassam,
889 1016 934 1042 ac
951 1005 1140 1055 suspende
1158 1014 1207 1045 te.

124 1059 252 1097 Dord.
273 1059 376 1097 Cave
393 1058 443 1096 sis
461 1071 524 1096 me
538 1059 728 1109 attingas;
759 1069 806 1095 ne
825 1057 894 1095 tibi
911 1056 982 1096 hoc
999 1058 1165 1110 scipione
1191 1060 1244 1099 35

124 1112 284 1151 Malum
301 1124 487 1162 magnum
504 1111 605 1150 dem.

529 1167 642 1215 Paeg.
677 1165 818 1208 Utere;
847 1171 884 1201 te
903 1163 1084 1204 condono.

131 1220 231 1258 Tox.
258 1218 287 1257 J
289 1219 447 1268 amjam,
469 1219 687 1270 Paegnium,
708 1218 758 1255 da
775 1230 934 1268 pausam
965 1218 987 1238 ⁸
1019 1219 1040 1239 ⁸
1070 1219 1093 1240 ⁸

126 1273 257 1312 Dord.
284 1273 370 1324 Ego
394 1271 499 1323 (pol)
519 1285 585 1310 vos
603 1271 812 1310 eradicabo.

413 1328 530 1375 Paeg.
561 1326 620 1364 At
634 1334 671 1364 te
684 1325 764 1372 ille,
785 1325 852 1375 qui
869 1337 984 1376 supra
999 1337 1066 1364 nos
1083 1326 1244 1375 habitat,

128 1379 212 1427 Qui
230 1379 300 1417 tibi
323 1379 425 1417 male
442 1380 535 1427 volt,
555 1380 732 1431 maleque
749 1377 873 1417 faciet.
928 1379 968 1417 N
971 1391 1020 1417 on
1039 1379 1080 1417 hi
1098 1380 1246 1428 dicunt,

290 1445 422 1470 verum

134 1487 233 1525 Tox.
250 1486 353 1536 Age,
369 1445 568 1524 drcggntii'er
582 1486 752 1524 mulsum
765 1499 778 1531 3
794 1485 922 1524 bibere
932 1485 983 1524 da
993 1499 1113 1538 usque
1124 1488 1250 1539 plenis

287 1539 489 1577 cantharis.
1193 1543 1246 1580 40

128 1591 159 1631 J
161 1591 292 1630 amdiu
319 1592 464 1631 factum
487 1593 548 1639 'st,
577 1599 783 1643 postquam
812 1592 1004 1632 bibimus:
1043 1594 1157 1633 nimis
1180 1595 1248 1632 diu

288 1646 375 1684 sicci
393 1658 538 1684 sumus.

127 1699 256 1737 Dord.
288 1698 357 1737 Dii
375 1699 529 1746 faciant,
548 1706 592 1736 ut
609 1698 649 1737 id
667 1698 820 1747 bibatis,
841 1699 944 1751 quod
963 1712 1028 1739 vos
1045 1713 1246 1753 nunquam

289 1759 465 1791 transeat.

131 1807 248 1855 Paeg.
283 1805 461 1855 Nequeo,
494 1805 594 1852 leno,
629 1807 722 1857 quin
756 1806 827 1845 tibi
858 1807 994 1846 saltem
1025 1807 1246 1847 staticulum

291 1857 395 1903 dem,
415 1858 507 1895 olim
526 1872 641 1909 quem
662 1859 797 1910 Hegea

129 1911 322 1951 Faciebat.
379 1911 481 1950 Vide
498 1924 600 1959 vero,
620 1913 651 1950 si
669 1913 739 1951 tibi
757 1914 847 1952 satis
864 1914 1000 1965 placet.

778 1969 873 2017 Sag.
901 1967 973 2005 Me
991 1980 1143 2019 quoque
1162 1968 1246 2006 volo

129 2017 319 2063 Reddere,
340 2017 534 2055 Diodorus
553 2031 668 2069 quem
687 2019 780 2057 olim
798 2020 960 2058 faciebat
977 2021 1017 2058 in
1037 2020 1162 2059 Ib'nia.
1193 2022 1244 2058 45

127 2073 258 2110 Dord.
287 2071 442 2109 Malum
461 2084 530 2122 ego
550 2072 655 2109 vobis
673 2071 785 2119 dabo,
805 2073 879 2110 nisi
896 2073 1020 2111 abitis.

570 2127 664 2174 Sag.
693 2125 824 2163 Etiam
843 2126 990 2172 muttis,
1009 2126 1210 2177 impudens
1226 2129 1243 2165 ?

122 2177 150 2218 J
156 2190 220 2216 am
232 2191 302 2229 ego
313 2178 396 2225 tibi,
410 2178 441 2217 si
455 2191 517 2216 me
530 2178 717 2227 irritassis,
734 2178 890 2217 Persam
905 2179 1091 2218 adducam
1107 2179 1244 2218 denuo.
