1435 2400
335 84 771 124 MOSTELLARIA.
800 83 883 123 ΙΙΙ.
914 85 950 122 l.
1110 85 1189 124 289

85 191 187 230 Date
203 191 299 229 mihi
317 191 452 230 foenus.

441 246 563 283 Tran.
591 244 732 283 Foenus
750 244 841 291 mic,
860 243 983 283 foenus
1000 244 1063 282 hic
1080 244 1090 282 2
1139 245 1192 288 73

85 298 218 336 Nescit
236 298 391 350 quidem
409 298 482 336 nisi
500 297 622 336 foenus
639 298 843 336 fabularier

82 351 291 390 Veterator.
335 353 473 402 Neque
491 363 560 401 ego
579 352 768 389 teniorem
786 352 953 389 belluam
1140 351 1164 394 7
1167 352 1191 387 ὃ

81 404 234 442 Vidisse
251 418 314 443 me
331 417 503 456 unquam
523 416 769 455 quemquam,
790 417 906 455 quam
925 414 975 451 te,
996 416 1139 442 censeo.

80 459 188 495 Dan.
218 459 308 496 hon
330 457 499 509 (edepol)
521 469 621 496 nunc
639 470 701 495 me
720 466 762 494 tu
780 458 861 494 istis
878 457 999 495 verbis
1017 458 1173 495 territas.

82 510 262 549 Calidum
281 512 353 549 hoc
372 520 452 556 aet3
482 511 551 549 etsi
564 511 694 561 procul
713 512 831 557 abest,
851 511 927 547 urit
944 511 1058 548 male.

88 565 231 602 leeur.
258 564 375 612 Quod
392 564 489 602 illud
517 572 572 602 est
598 564 721 601 foenus
751 565 955 613 (obsecro),
985 563 1088 614 quod
1115 563 1192 601 illic

291 618 368 656 tit?

88 671 208 709 Tran.
242 630 378 719 Il’eaten
408 683 553 718 eccum,
581 669 733 709 advenit
767 683 922 721 peregre
955 681 1033 708 non
1068 670 1193 708 multo

240 724 346 775 prius
1137 725 1188 761 80

82 777 218 815 Illius:
247 777 280 815 is
298 777 368 815 tibi
386 785 423 816 et
440 777 563 816 foenus
583 784 619 816 et
638 784 776 815 sortem
794 777 898 816 dabit
913 791 926 823 ;

82 831 146 869 Ne
162 830 401 869 inconciliare
418 831 512 883 quid
530 843 599 869 nos
617 842 729 882 porro
746 831 925 882 postules.

82 884 199 932 Vide,
219 896 314 922 num
333 893 525 923 moratur.
516 887 533 913 9

488 940 596 976 Dan.
624 937 731 986 Quin
751 936 885 986 feram,
906 936 938 976 si
957 937 1051 989 quid
1068 937 1190 976 datur.

87 992 231 1029 leeur.
262 991 371 1038 Quid
387 991 443 1029 ais
462 999 528 1030 tu.
518 994 536 1019 9

250 1045 371 1082 Τναη.
399 1044 508 1092 Quid
525 1045 612 1083 vis?

370 1099 513 1135 Theur.
541 1097 641 1145 Quis
659 1098 737 1136 illic
756 1097 838 1136 est?
866 1097 960 1149 quid
976 1098 1053 1136 illic
1070 1097 1194 1149 petit?

82 1151 191 1199 Quid
210 1151 507 1189 Philolachetem
525 1160 684 1202 gnatum
704 1152 904 1202 compellat
922 1163 1054 1189 meum
1141 1152 1193 1188 85

84 1203 160 1250 Sic,
180 1212 216 1242 et
233 1205 408 1254 praesenti
426 1204 496 1242 tibi
514 1205 604 1243 facit
625 1204 836 1243 convicium
854 1207 872 1243 ,9

84 1257 192 1306 Quid
207 1258 265 1295 illi
283 1258 468 1296 debetur?

463 1312 581 1349 Tran.
611 1310 776 1350 Obsecro
795 1311 984 1361 (hercle),
1000 1313 1094 1361 jube

85 1364 200 1404 Obici
217 1372 417 1415 argentum
434 1364 525 1403 huic
543 1366 591 1403 ob
607 1377 648 1403 os
666 1364 828 1416 impurae
846 1365 995 1403 belluae.

94 1419 239 1457 Theur.
267 1419 296 1457 J
298 1418 465 1456 ubeam?

290 1474 410 1510 Tran.
439 1471 468 1510 J
471 1473 544 1510 ube
562 1471 710 1509 homini
727 1480 881 1522 argento
896 1484 938 1509 os
955 1472 1196 1511 verberarier.

85 1528 191 1564 Dan.
221 1525 405 1563 Perfacile
423 1537 493 1575 ego
509 1525 606 1563 ictus
623 1525 810 1576 perpetior
828 1534 1034 1576 argenteos
1143 1527 1195 1563 90

92 1580 236 1617 Theur.
263 1577 382 1626 Quod
399 1577 495 1616 illud
513 1588 712 1628 argentum
732 1586 811 1616 est.
802 1580 819 1605 9

544 1633 664 1670 Τναη.
695 1632 800 1670 Huic
825 1631 937 1670 debet
956 1603 1195 1670 Philolaches

88 1685 270 1724 Paulum.

254 1739 396 1778 Tlaeur.
427 1739 670 1783 Quantillum
685 1741 703 1778 ?

504 1794 626 1830 Tran.
655 1792 777 1836 Quasi
794 1793 1044 1844 quadraginta
1062 1792 1199 1831 minas.

88 1848 194 1884 Dan.
225 1845 289 1883 Ne
307 1857 395 1883 sane
412 1845 453 1883 id
468 1846 639 1884 multum
658 1858 832 1893 censeas;
863 1848 1023 1898 paulum
1048 1846 1089 1883 id
1113 1846 1198 1897 qui-

249 1898 337 1936 dem
355 1906 422 1936 ωε.

96 1954 219 1990 Tran.
257 1950 421 1989 Audi'n'
437 1953 454 1990 ?
482 1951 693 2001 videturne,
725 1954 892 2001 obsecro,
921 1952 1088 1999 (hercle)
1118 1951 1200 1990 ido-

252 2016 360 2052 neus,

93 2059 257 2097 Danista
275 2059 343 2109 qui
361 2057 409 2096 sit
421 2058 439 2094 ’Ξ
467 2070 587 2108 genus
604 2059 708 2110 quod
725 2059 1063 2111 improbissumum
1082 2067 1149 2097 eet·

100 2114 243 2150 Theur.
274 2112 365 2149 Non
384 2124 454 2162 ego
470 2112 568 2149 istuc
586 2124 689 2158 curo,
707 2113 774 2164 qui
792 2113 853 2160 sit,
874 2113 976 2150 unde
994 2113 1041 2149 sit
1056 2127 1066 2150 ε
1150 2110 1202 2148 96

95 2165 145 2203 Id
163 2165 248 2203 volo
266 2164 361 2202 mihi
380 2164 467 2213 dici,
488 2164 528 2202 id
547 2177 609 2202 me
628 2165 719 2205 scire
737 2174 871 2216 expeto
886 2180 896 2203 ε

150 2229 253 2256 vot..
277 2229 328 2256 11.
973 2222 997 2254 ι’.
1020 2229 1042 2254 c
