1435 2400
212 79 290 115 222
409 75 585 114 MILES
615 74 947 114 GLORIOSUS.
974 73 1057 113 ΙΙΙ.
1092 76 1128 113 1.

219 183 326 221 Tum
345 181 525 220 obstetrix
543 180 797 232 expostulavit
817 193 982 228 mecum,
1006 193 1143 232 parum
1164 180 1323 220 missum

400 235 407 242 .
440 235 448 242 .
1297 237 1323 260 ς,

222 288 329 336 Quid
344 291 361 327 Ρ
379 236 522 364 siiiiii-1⁹5?
539 299 614 325 non
633 287 830 326 missuru's
848 287 1072 338 quidquam,
1092 300 1178 338 quae
1195 236 1328 326 vega}

225 393 338 442 Haec,
370 341 484 445 33:1oe
505 393 620 442 hujus
639 393 777 431 similia
802 393 877 431 alia
907 392 1048 431 damna
1070 393 1193 430 multa
1214 394 1329 432 mun.

224 500 298 538 Me
322 459 680 551 uxcirrgssiohibent,
705 499 799 536 mihi
824 512 910 550 quae
936 499 1051 548 hujus
1073 498 1229 537 simileis
1255 512 1330 538 ser-

385 565 515 591 mones
533 560 640 590 serat.
1256 553 1337 591 105

227 607 314 644 Pal.
335 605 402 642 Dii
422 605 490 644 tibi
507 605 659 657 propitii
678 613 780 652 sunt,
800 605 946 643 hercle·
968 617 1073 653 nam,
1093 605 1126 643 si
1143 605 1255 644 istam
1273 618 1331 643 se-

387 659 464 696 mel
482 659 652 696 amiseris

227 711 474 759 Libertatem,
494 711 598 749 haud
619 711 727 749 facile
752 719 788 749 te
810 712 849 749 in
871 711 1048 749 eumdem
1072 724 1200 750 rursus
1224 711 1334 749 resti-

387 773 468 802 tues
484 764 622 803 locum.

228 820 363 857 Pleas.
390 818 447 855 At
465 818 531 855 illa
555 817 638 855 laus
661 825 727 865 est,
753 829 892 868 magno
911 818 950 854 in
974 830 1107 868 genere
1125 825 1162 855 et
1179 818 1219 854 in
1238 817 1335 856 divi-

389 871 450 908 tiis
468 870 674 915 maxumis,

228 925 386 963 Liberos
410 923 604 961 hominem
633 924 803 971 educare,
834 923 960 974 generi
992 924 1272 962 monimentum
1299 932 1336 962 et

388 977 472 1014 sibi.

231 1033 364 1081 Pcrip
394 1030 560 1077 Quando
586 1029 707 1067 habeo
734 1029 875 1067 multos
901 1037 1093 1080 cognatos,
1121 1029 1215 1081 quid
1241 1043 1337 1081 opus

388 1083 435 1120 sit
453 1083 549 1120 mihi
567 1082 725 1121 liberis?
1260 1084 1336 1122 110

231 1138 348 1176 Nunc
365 1137 461 1174 bene
486 1136 586 1185 vivo,
613 1145 649 1174 et
669 1135 874 1183 fortunate,
897 1142 1012 1210 atque
1036 1143 1079 1174 ut
1103 1135 1203 1219 volo,
1225 1143 1339 1188 atque

389 1189 517 1227 animo
537 1199 579 1226 ut
595 1189 723 1227 lubet:
834 1203 858 1228 J.
879 1213 888 1223 ,
907 1209 918 1218 ⁵.
944 1211 967 1219 ..
1035 1211 1047 1223 .

230 1244 326 1282 Mea
343 1245 444 1280 bona
460 1255 547 1280 mea
566 1250 686 1280 morte
704 1241 870 1293 cognatis
888 1241 1027 1291 dicam,
1046 1242 1144 1281 inter
1167 1255 1229 1281 eos
1251 1255 1338 1294 par-

390 1296 495 1334 tiam.

232 1349 299 1388 Illi
317 1349 420 1400 apud
444 1362 506 1387 me
533 1349 665 1398 edunt,
692 1362 754 1388 me
777 1356 922 1397 curant,
943 1349 1070 1387 visunt
1091 1348 1185 1401 quid
1208 1362 1337 1401 agam,

394 1403 528 1454 ecquid
546 1403 672 1441 velim.

234 1456 465 1507 Priusquam
491 1456 605 1504 lucet,
634 1462 790 1494 assunt:
820 1455 997 1506 rogitant,
1024 1462 1139 1494 noctu
1166 1463 1210 1494 ut
1236 1468 1337 1494 som-

395 1520 489 1546 num
509 1509 683 1559 ceperim.

233 1561 313 1600 Eos
330 1574 399 1612 pro
414 1561 542 1600 liberis
560 1562 693 1600 habeo.
740 1561 845 1605 Quin
864 1561 960 1599 mihi
977 1561 1137 1600 mittunt
1153 1571 1337 1602 muneraz

233 1614 475 1653 Sacrificant.
466 1617 483 1642 ⁹
512 1614 605 1652 dant
621 1614 709 1653 inde
726 1621 871 1665 partem
889 1614 986 1652 mibi
1003 1616 1201 1664 majorem,
1222 1629 1341 1667 quam

393 1667 488 1705 sibi.
1265 1670 1341 1707 116

233 1720 447 1759 Abducunt
468 1720 517 1758 ad
534 1727 644 1760 exta.
675 1733 738 1759 me
755 1721 803 1759 ad
824 1734 863 1760 se
887 1721 936 1759 ad
956 1720 1175 1773 prandium,
1199 1722 1249 1761 ad
1266 1735 1341 1761 coe·

394 1785 485 1811 nam
502 1782 648 1812 vocant.

236 1826 310 1865 Ille
328 1826 596 1866 miserrumum
614 1841 652 1866 se
669 1834 786 1872 retur,
798 1828 1016 1865 minumum
1031 1828 1099 1879 qui
1115 1827 1220 1866 misit
1234 1828 1344 1868 mihi.

237 1879 305 1917 Illi
321 1880 418 1917 inter
437 1893 475 1917 se
494 1890 636 1918 certant
654 1881 785 1919 donis:
807 1894 876 1932 ego
893 1881 973 1920 haec
990 1894 1140 1919 mecum
1159 1882 1341 1920 mussito:

236 1935 269 1973 ‚“
283 1934 394 1971 Bona
411 1945 498 1970 mea
515 1933 686 1972 inhiant:
715 1935 883 1973 certatim
901 1934 1001 1972 dona
1021 1935 1180 1972 mittunt
1201 1942 1240 1972 et
1255 1947 1344 1974 mu-

398 1987 531 2024 nera.”
1265 1988 1342 2026 120

241 2041 331 2080 Pal.
364 2039 492 2077 Nimis
515 2040 617 2079 bona
639 2041 796 2090 ratione,
822 2041 1061 2093 nimiumque
1085 2041 1133 2080 ad
1157 2048 1194 2080 te
1215 2047 1252 2079 et
1275 2048 1343 2079 tua

398 2099 438 2130 tu
457 2093 624 2132 multum
643 2094 757 2134 vidae.
779 2136 783 2142 ι
