1435 2400
286 61 466 102 MILES
494 61 831 103 GLORIOSUS.
861 64 939 105 IV.
969 65 1008 103 6.
1116 65 1191 104 251

83 171 217 221 Pyr-g.
236 170 278 209 N
279 182 362 262 aus-lis
359 171 375 222 (
385 167 469 222 pol)
484 171 568 220 jam
582 170 664 208 haze
676 171 833 221 quidem
846 172 949 211 videt
961 171 1062 224 pluS,
1078 183 1195 223 quam

241 236 286 262 oc
364 251 374 261 .

404 279 495 316 Pal.
522 277 632 315 Caeca
649 289 777 315 amore
795 286 862 316 εἴ.

82 328 201 368 Acro.
229 329 338 369 Tene
356 343 433 378 me,
452 333 616 369 obsecro.

296 386 354 422 Μ
355 386 447 435 ilph.
477 384 590 423 Cur?

500 439 619 476 Acro.
648 437 712 475 Ne
729 436 875 475 oedam.

650 492 802 540 Muph.
828 489 938 538 Quid
954 490 1008 528 ita
1022 493 1040 529 Ρ

690 544 810 581 Acro.
840 543 946 591 Quia
963 544 1111 583 adstare
1139 547 1190 583 45

77 597 240 649 Nequeo
253 612 265 636 ε
293 599 347 637 ita
364 599 515 637 animus
535 611 602 649 per
619 597 747 635 oculos
765 608 870 635 meos
888 597 991 635 defit.

76 703 144 743 Tu
161 704 392 756 adspeXisffl
708 651 860 701 Mupn.
889 650 1061 689 Militem
1080 652 1188 704 (pol)

210 760 330 797 Acro.
361 759 433 797 Ita.

344 813 494 863 Milph.
523 811 616 849 Non
634 811 755 848 video.
802 811 883 849 Ubi
901 813 987 849 est?

513 866 634 903 Acro.
654 864 812 902 Videras
833 863 960 925 (pol),
980 864 1013 902 si
1031 877 1186 905 amaroe.

75 920 229 970 Milph.
261 920 353 958 Non
376 918 547 970 (edepol)
567 926 610 956 tu
637 917 749 955 illum
776 918 902 968 magis
928 930 1048 967 amas,
1071 932 1189 970 quam

235 980 399 1023 egomet,
419 972 451 1010 si
469 985 535 1022 per
552 979 589 1010 te
606 971 730 1009 liceat.

74 1027 168 1064 Pal.
196 1026 345 1065 Omnes
367 1025 576 1076 (profecto)
594 1024 773 1062 mulieres
791 1032 828 1062 te
846 1032 991 1073 amant,
1021 1032 1064 1064 ut
1083 1039 1187 1077 quae-

234 1092 308 1130 que
327 1078 513 1129 adspexit.

72 1134 206 1183 Pyr-g.
235 1133 388 1177 Nescio,
419 1132 502 1168 tun’
529 1143 577 1169 ex
604 1135 668 1169 me
697 1131 768 1169 hoc
800 1129 976 1179 audieris,
1005 1143 1054 1169 an
1081 1143 1183 1171 non:

366 1197 453 1223 sum
472 1184 646 1222 Veneris.
1133 1187 1186 1224 50

70 1241 190 1278 Acro.
219 1239 316 1278 Mea
329 1237 606 1290 Milphidippa,
621 1237 699 1284 adi,
716 1238 882 1285 obsecro,
898 1243 935 1276 et
949 1238 1185 1289 congredere.

694 1292 826 1341 Pyrg.
853 1291 911 1330 Ut
927 1303 990 1330 me
1007 1293 1181 1331 veretur!

70 1348 165 1385 Pal.
190 1346 267 1385 Illa
284 1345 334 1383 ad
345 1357 420 1408 ,nos
436 1344 572 1396 pergit.

282 1399 435 1449 leph·
461 1397 676 1501 vosgzlrz.
708 1450 762 1488 Et
780 1462 848 1488 nos
866 1458 914 1488 te.

763 1504 915 1553 Mlph.
945 1503 1002 1542 Ut
1015 1505 1178 1554 jussisti,

69 1561 217 1600 Heram
233 1572 360 1598 maem
378 1559 495 1598 eduxi
512 1558 623 1596 foras.

495 1613 626 1662 Pyr-g.
658 1610 796 1649 Video.

653 1665 802 1714 Milph.
831 1665 862 1702 J
863 1666 938 1703 ube
956 1677 1045 1715 ergo
1063 1665 1178 1704 adire.

69 1721 201 1770 Pyrg.
233 1720 378 1758 Induxi
402 1719 591 1765 animum,
620 1730 669 1757 ne
692 1717 853 1766 oderim,
880 1718 974 1756 item
1000 1725 1045 1756 ut
1068 1719 1176 1767 alias,

227 1773 381 1824 quando
397 1772 469 1810 hoc
486 1772 612 1810 orasti.

67 1827 213 1877 Milph.
238 1827 413 1864 Verbum
443 1826 616 1877 (hercle)
646 1824 766 1863 facere
797 1836 874 1863 non
909 1825 1023 1876 potis,
1052 1825 1083 1863 si
1115 1838 1178 1864 ac-

229 1879 377 1917 cesserit
393 1892 510 1930 prope
528 1879 577 1917 ad
595 1887 644 1917 te.
1126 1881 1180 1916 55

66 1933 177 1972 Dum
192 1941 229 1971 te
243 1934 432 1980 obruetur,
445 1933 598 1970 interim
613 1933 786 1984 linguam
801 1931 900 1970 oculi
913 1931 1178 1983 praeciderunt.

67 1989 197 2037 Pyrg.
226 1985 452 2024 Levandum
471 1987 649 2024 morbum
667 1985 819 2024 mulieri
836 1984 957 2025 video.

416 2041 475 2076 M
474 2039 567 2088 ilpla.
594 2039 750 2077 Vide'n'
769 2047 814 2077 ut
830 2039 958 2077 tremit
975 2046 1091 2090 atque
1109 2051 1175 2076 ex-

67 2093 210 2139 timuit,
230 2100 433 2144 postquam
452 2099 490 2129 te
508 2091 682 2143 adspexit
695 2095 713 2130 ?

183 2148 314 2196 Pyrg.
344 2145 430 2183 Viri
449 2156 602 2196 quoque
619 2146 755 2184 armati
771 2145 874 2184 idem
891 2145 989 2184 istuc
1006 2144 1150 2184 faciunt
1161 2157 1174 2180 z
