1435 2400
190 76 264 114 164
475 70 816 112 MERCATOR.
843 72 928 112 111.
954 73 994 112 3.

452 179 603 228 Lysim.
632 178 744 217 Prius
761 178 833 218 hoc
854 178 1036 224 ausculta,
1055 185 1170 231 atque
1188 179 1291 221 ades.

188 233 302 271 Prius
321 231 434 270 etiam
452 229 514 278 'st,
535 231 638 283 quod
656 239 693 269 te
710 231 831 270 facere
844 244 913 283 ego
931 245 1085 283 aequum
1103 245 1247 273 censeo.

188 288 309 334 Nam,
328 297 429 323 nunc
447 285 480 323 si
497 285 564 322 isso
582 284 781 331 introieris,
800 285 978 335 amplecti
997 285 1115 334 voles,

187 338 448 386 Consabulari‚
467 345 581 389 atque
598 338 773 376 osculari.

664 391 796 428 Demi.
825 389 890 427 Tu
909 389 1065 441 quidem
1243 391 1292 429 10

188 445 326 483 Meum
345 444 518 481 animum
536 451 681 494 gestas:
712 443 796 491 scis,
817 442 910 493 quid
928 451 1081 483 acturus
1099 443 1206 482 siem.

189 500 343 548 Lysim.
371 497 549 535 Pervorse
567 495 691 534 facies.

521 551 653 588 Demi.
683 548 850 597 Quodne
868 548 999 587 ames?

824 603 975 651 Lysim.
1005 601 1133 641 Tanto
1149 603 1290 643 minus.

185 657 215 694 J
217 656 408 705 ejunitatis
424 656 573 708 plenus,
592 653 719 693 anima
736 655 879 700 fastida,

187 710 312 748 Senex
329 709 512 755 hircosus,
532 716 574 746 tu
595 709 761 747 osculere
779 707 978 746 mulierem
991 707 1011 744 ?

185 763 304 801 Utine
322 762 523 801 adveniens
541 762 727 800 vomitum
746 761 913 800 excutias
931 760 1109 799 mulieri?
1245 762 1293 801 15

186 815 272 854 Scio
291 817 394 866 (pol)
413 822 450 853 te
469 828 608 861 amare,
629 827 746 866 quom
763 815 864 852 istaec
882 821 1146 865 praemonstras
1163 815 1271 853 mihi.

186 870 319 907 Demi.
349 868 456 916 Quid
483 868 514 906 si
540 868 655 919 igitur
673 870 816 919 (unum
834 867 979 905 factum
1003 867 1074 906 hoc
1092 868 1123 906 si
1144 869 1292 919 censes)

416 934 512 959 uum

184 935 629 1025 Aliquessogrripiamus,
649 973 855 1023 prandium
874 972 942 1023 qui
957 981 1163 1024 percoquat

185 1028 308 1079 Apud
326 1034 363 1065 te
380 1027 445 1065 hic
464 1039 583 1078 usque
601 1026 650 1064 ad
669 1038 867 1077 vesperum
880 1026 898 1062 ?

693 1080 846 1128 Lysim.
875 1079 979 1117 Hem
997 1078 1008 1115 !
1037 1078 1134 1118 istuc
1151 1091 1294 1118 censeo.

187 1133 305 1172 Nunc
322 1140 365 1171 tu
384 1132 569 1183 sapienter
584 1132 737 1182 loquere
755 1139 869 1182 atque
883 1131 1076 1170 amatorie.
1242 1135 1295 1171 20

187 1189 320 1224 Demi.
348 1186 456 1246 Quid
485 1187 659 1223 stamus?
701 1184 793 1235 quin
822 1197 910 1235 ergo
939 1184 1053 1234 imus,
1085 1192 1199 1237 atque
1226 1200 1296 1238 op-

348 1251 499 1277 somum

189 1293 393 1341 curamus,
410 1291 569 1343 pulchre
586 1298 630 1329 ut
649 1290 765 1329 simus
779 1292 797 1328 ἓ

682 1345 834 1393 Lysim.
861 1342 1054 1394 Equidem
1073 1351 1111 1382 te
1121 1357 1276 1396 sequor.

186 1398 320 1449 Atque
340 1396 506 1450 (hercle)
526 1396 691 1435 invenies
710 1404 752 1433 tu
770 1396 898 1434 locum
915 1397 986 1445 ini,
1003 1397 1034 1435 si
1052 1398 1163 1448 sapis.

188 1451 356 1490 Nullum
384 1450 562 1497 (hercle),
585 1457 720 1501 praeter
740 1449 857 1497 hunc,
882 1449 998 1498 diem,
1023 1449 1090 1489 ina
1107 1450 1210 1502 apud
1231 1464 1295 1490 me

346 1504 418 1542 erit
431 1518 443 1542 ε

188 1556 327 1595 Metuo
345 1560 414 1608 ego
432 1568 606 1603 uxorem,
626 1568 705 1593 cras
723 1555 756 1594 si
773 1567 859 1594 rure
876 1555 1040 1606 redierit,
1242 1559 1294 1598 25

188 1610 252 1648 Ne
269 1610 377 1650 illam
394 1610 458 1648 hic
475 1608 651 1648 offendat.

534 1663 668 1701 Demi.
697 1663 776 1701 Res
792 1668 925 1715 parata
944 1663 1017 1702 ’stz
1046 1675 1199 1715 sequere
1216 1677 1292 1706 me.
