1435 2400
264 64 343 101 202
469 62 648 102 MILES
677 60 1010 102 GLORIOSUS.
1037 62 1097 101 11.
1124 62 1163 101 3.

264 171 361 208 Scel.
389 168 502 207 Forte
520 168 687 217 fortuna,
713 181 780 220 per
797 168 1030 220 impluvium
1057 167 1133 206 huc
1150 166 1304 220 despexi
1330 166 1371 204 in

422 233 678 272 proxumum:
1322 219 1372 257 16

264 277 399 327 Atque
420 287 490 325 ego
518 275 585 312 illa
606 274 771 327 adspicio
795 275 1027 313 osculantem
1048 273 1370 313 Philocomasium

424 340 512 366 cum
531 327 648 365 altero

263 383 305 420 N
307 381 498 431 escio-quo
515 381 758 420 adolescente.

395 435 483 472 Pal.
511 434 628 481 Quod
647 447 729 486 ego,
751 433 940 480 Sceledre,
961 434 1083 473 scelus
1101 446 1148 472 ex
1167 441 1205 472 te
1222 432 1336 471 audio
1349 435 1368 471 ἒ

263 489 361 527 8661.
390 487 561 525 Profecto
581 487 670 526 vidi.

493 541 584 578 Pal.
614 541 755 580 Tuten’
770 541 788 577 Ρ

579 597 674 633 8661.
706 595 871 645 Egomet
885 593 1034 632 duobus
1050 592 1112 630 his
1131 591 1249 632 oculis
1266 592 1376 632 meis.

263 647 347 684 Pal.
375 647 456 686 Abi
472 648 482 685 !
513 659 588 686 non
607 648 806 688 verisimile
824 647 929 695 dicis,
948 660 1072 698 neque
1090 646 1228 684 vidisti.

965 702 1063 739 Scel.
1092 700 1202 738 Num
1221 699 1291 738 tibi
1317 701 1370 738 20

262 753 412 805 Lippus
430 753 584 792 videor?

422 807 508 844 Pal.
538 806 736 845 Medicum
754 807 850 846 istuc
865 807 934 845 tibi
951 807 1088 844 melius
1105 805 1368 857 percontarier.

261 860 408 898 Verum
428 861 528 898 enim
549 868 590 898 tu
608 861 736 909 istam,
756 860 788 899 si
806 868 842 899 te
861 860 930 898 Dii
948 868 1088 903 amant,
1110 868 1249 898 temere
1265 858 1371 897 haud

420 914 530 951 tollas
548 913 732 951 fabulam.

261 966 360 1005 Tuis
378 979 479 1005 nunc
494 967 664 1005 cruribus
679 967 867 1018 capitique
880 966 1053 1004 fraudem
1068 965 1267 1017 capitalem
1281 965 1372 1004 hinc

421 1033 535 1058 creas.

263 1073 366 1110 Nam
391 1073 460 1110 tibi
476 1074 572 1121 jam,
592 1081 636 1110 ut
653 1085 794 1124 pereas,
814 1080 990 1124 paratum
1002 1073 1051 1111 'st
1069 1072 1282 1124 dupliciter,
1300 1071 1373 1110 nisi

421 1126 626 1176 supprimis

260 1178 395 1216 Tuum
413 1180 705 1230 stultiloquium,

474 1234 570 1270 Sccl.
600 1233 682 1280 Qui
702 1246 788 1271 vero
806 1233 1006 1283 dupliciter
1018 1233 1037 1269 ’ἓ

879 1289 966 1325 Pal.
995 1286 1044 1324 Id
1063 1286 1186 1324 dicam
1205 1285 1286 1324 tibi.
1317 1287 1368 1323 25

261 1338 549 1385 Primumdum,
570 1339 600 1377 si
618 1339 715 1377 falso
732 1339 930 1378 insimulas
950 1339 1285 1388 Philocomasium,
1299 1339 1373 1377 hoc

418 1405 594 1443 periens:

259 1446 422 1491 Iterum,
439 1446 470 1483 si
483 1445 523 1482 id
543 1458 674 1483 verum
688 1444 748 1494 ’st,
765 1453 823 1494 tu,
838 1447 871 1484 ei
890 1453 1012 1485 custos
1024 1445 1188 1492 additus,
1204 1446 1370 1496 perieris.

260 1500 356 1536 Scel.
383 1499 491 1546 Quid
522 1498 606 1536 fuat
634 1511 709 1546 me,
744 1500 890 1538 nescio:
931 1499 1013 1538 haec
1043 1511 1106 1537 me
1136 1499 1273 1538 vidisse
1299 1511 1370 1551 ego

418 1560 517 1589 certo
536 1564 622 1589 selo.

262 1604 350 1643 Pal.
380 1604 565 1655 Pergi'n'‚
586 1604 747 1642 infelix?

418 1659 513 1695 Scel.
537 1657 644 1704 Quid
659 1657 728 1695 tibi
743 1658 800 1696 vis
816 1658 955 1705 dicam,
971 1658 1045 1696 nisi
1058 1658 1164 1710 quod
1176 1659 1336 1698 viderim
1349 1659 1368 1696 Ρ

257 1709 366 1757 Quin
384 1710 499 1748 etiam
517 1723 618 1748 nunc
637 1711 740 1749 intus
757 1711 821 1749 hic
836 1712 876 1749 in
894 1725 1083 1762 proxumo
1097 1713 1156 1750 'st.

684 1766 775 1802 Pal.
799 1764 911 1803 Eho!
934 1778 983 1803 an
998 1777 1074 1802 non
1094 1765 1198 1803 domi
1213 1764 1288 1804 ’st'?
1316 1767 1369 1804 30

260 1819 358 1855 Scel.
385 1817 503 1861 Vise;
541 1816 603 1854 abi
638 1817 738 1855 intro
767 1826 847 1856 tute
863 1833 873 1856 ι
913 1831 1005 1856 nam
1040 1831 1110 1869 ego
1140 1819 1238 1857 mihi
1273 1819 1370 1857 nihil

417 1870 517 1907 credi
534 1871 696 1921 postulo.

261 1923 347 1961 Pal.
377 1923 534 1962 Certum
549 1925 596 1961 ’st
612 1924 733 1962 facere
750 1925 800 1962 id.

645 1979 742 2016 Scel.
771 1978 851 2016 Hic
869 1986 906 2016 te
924 1978 1097 2029 opperiar
1111 1992 1123 2016 ι
1152 1978 1287 2017 eadem
1305 1979 1365 2017 illi

763 2031 917 2069 insidias
934 2033 1047 2080 dabo,

257 2082 388 2130 Quam
407 2095 498 2122 mox
523 2084 679 2124 horsum
705 2084 754 2123 ad
772 2085 966 2124 stabulum
989 2085 1103 2135 junix
1121 2083 1276 2137 recipiat
1293 2097 1332 2124 se
1349 2098 1370 2125 e

415 2137 570 2188 pabulo.
