1435 2400
418 72 701 113 EPIDICUS.
729 73 814 112 ΙΙΙ.
841 75 878 111 2.
1150 77 1203 114 59

93 181 151 220 Νἰ
178 179 272 232 quid
299 179 370 219 tibi
398 180 488 219 hinc
515 179 558 218 in
586 191 695 231 spem
712 179 873 218 referas:
909 180 980 219 hoc
1006 181 1201 232 [hostium

246 234 412 286 potitum
431 235 512 285 '.st]
1175 236 1201 272 3

92 287 211 326 Crede
228 287 342 326 modo
360 295 402 325 tu
421 287 541 325 mihi.
572 287 624 325 sic
642 299 711 338 ego
731 298 828 337 ag03
859 286 910 325 sic
930 300 1037 337 egere
1055 289 1185 326 nostri.

92 341 169 380 Pro
194 341 263 378 Dii
287 341 544 379 immortales!
588 340 686 378 mihi
710 340 813 378 hunc
833 340 935 378 diem
961 340 1114 379 dedistis
1140 342 1201 379 lu-

245 394 466 432 culentum.
457 395 466 420 *
1173 397 1197 432 5

90 447 149 486 Ut
165 447 331 496 facilem,
356 455 472 499 atque
489 446 795 499 impetrabilem!
825 447 902 487 Sed
927 460 996 498 ego
1013 447 1103 485 hinc
1124 447 1198 485 mi-

245 514 352 552 grare
370 514 484 548 nemo,

87 553 145 593 Ut
170 555 372 606 importem
401 555 442 592 in
470 555 656 593 coloniam
689 554 793 592 hunc
820 554 988 606 auspicio
1010 567 1198 592 commea-

243 615 328 646 tum
341 610 359 647 ?

87 661 193 700 Mihi
217 674 332 708 caso,
352 674 470 713 quom
496 669 565 700 sto.
621 660 696 700 Sed
721 660 816 713 quid
832 661 932 700 hoc?
960 661 1068 699 Ante
1087 661 1198 700 aedeis

243 715 339 753 duos
357 715 530 761 sodaleis,

79 767 233 807 Herum
252 775 289 806 et
308 767 587 817 Chaeribulum,
608 768 813 819 conspicor.
850 768 959 816 Quid
975 769 1039 806 hic
1058 767 1193 819 agitis?

239 822 385 873 Accipe
401 822 473 860 hoc
492 821 554 860 sis.

83 877 209 915 Strat.
235 876 436 924 Quantum
455 875 520 913 hic
537 876 634 913 inest
648 877 666 913 ἓ

380 930 502 979 Epid.
529 929 733 976 Quantum
750 936 808 966 sat
826 935 896 977 ast,
918 936 954 967 et
972 929 1060 981 plus
1079 929 1191 967 satis:

478 982 653 1033 supersit.
1140 984 1189 1021 10

81 1033 226 1074 Decem
243 1036 359 1073 minis
375 1036 463 1087 plus
481 1035 607 1082 attuli,
627 1047 744 1086 quam
762 1042 805 1073 tu
824 1035 981 1074 danistae
998 1036 1125 1074 debae.

82 1088 193 1127 Dum
207 1088 277 1127 tibi
291 1101 360 1139 ego
372 1090 542 1139 placoem
553 1096 667 1139 atque
681 1089 880 1139 obsequar,
896 1101 1028 1127 meum
1044 1098 1190 1140 tergum

239 1141 452 1179 floccifacio.

83 1198 208 1235 strat.
240 1195 345 1233 Nam
365 1195 458 1246 quid
476 1194 529 1232 ita
543 1197 561 1232 ,⁹

398 1249 519 1299 Epid.
547 1247 653 1295 Quia
670 1260 739 1298 ego
756 1254 868 1285 tuum
886 1255 1034 1299 patrem
1052 1248 1189 1288 faciam

501 1301 771 1352 perenticidam

74 1358 203 1395 strat.
232 1354 340 1403 Quid
357 1354 456 1392 istuc
475 1362 530 1392 aet
548 1354 679 1392 verbi?

312 1409 432 1458 Epid.
461 1408 501 1445 N
503 1408 532 1444 il
550 1419 675 1445 moror
693 1414 818 1445 vetera
835 1415 872 1445 et
889 1408 1046 1458 vulgata
1060 1410 1187 1457 verba,

78 1462 244 1501 Petatim
263 1461 440 1500 ductare:
471 1468 510 1499 at
528 1473 597 1511 ego
614 1460 768 1499 fouitim
787 1460 993 1499 ductitabo.
1140 1463 1188 1499 15

76 1515 182 1554 Nam
199 1515 286 1553 leno
302 1527 416 1575 omne
432 1521 634 1565 argentum
653 1513 811 1552 abstulit
827 1527 894 1565 pro
912 1514 1078 1563 fidicina,
1096 1516 1186 1566 (ego

74 1569 616 1671 MamffiJJohilswdinumerav-i)
636 1627 743 1673 pater
761 1633 871 1659 suam
889 1629 1046 1672 gnatam
1066 1635 1185 1674 quam

73 1729 204 1777 Nunc,
223 1675 589 1766 iffemgiltltianamr
606 1735 726 1780 pater,
742 1728 888 1779 tibique
904 1728 1095 1767 auxilium
1114 1742 1182 1781 ap-

69 1834 207 1873 Inveni
224 1789 392 1926 Ἠ
393 1834 456 1873 Ita
473 1847 543 1887 ego
561 1835 664 1874 suasi
687 1834 783 1883 seni,
810 1841 925 1886 atque
942 1835 1041 1874 hanc
1065 1835 1183 1874 habui

227 1900 250 1925 o
345 1899 448 1935 nem,

72 1941 154 1989 Uti,
173 1947 216 1979 tu
234 1953 352 1992 quom
369 1941 542 1991 redassae,
561 1953 610 1980 ne
628 1942 700 1981 tibi
717 1943 800 1992 ejus
815 1942 923 1994 eopia
939 1949 1047 1981 aeset.
1128 1943 1181 1980 20

69 1997 195 2034 Strat-
223 1994 360 2044 Euge.
351 1994 360 2019 '
393 1995 513 2046 euge!

254 2048 374 2097 Epid.
401 2047 491 2087 Ea'
476 2061 560 2098 Jam
577 2048 712 2087 domi'
714 2056 749 2087 st
766 2061 836 2100 pro
853 2048 933 2087 illa.

553 2103 679 2140 Str-at.
708 2102 855 2141 Tenen.

701 2156 820 2204 Epid.
851 2155 968 2193 Nunc
985 2162 1174 2193 auctorem
