1435 2400
184 65 258 102 150
485 64 818 104 MERCATOR.
847 65 905 102 11.
934 66 971 101 2.

728 172 857 208 Demi.
885 170 988 208 Vera
1005 170 1178 221 praedico.
1233 171 1286 207 22

185 223 339 273 Lysim.
369 222 490 260 Modo
516 223 690 275 (hercle)
717 223 755 260 in
782 231 948 261 mentem
978 223 1093 272 venit,
1123 222 1215 274 quid
1242 232 1284 260 tu

343 275 504 314 diceres:

184 328 307 366 Senex
326 341 443 379 quom
461 329 651 380 extemplo
667 328 727 376 'st,
745 330 825 378 jam
845 340 913 366 nec
931 328 1057 377 sentit,
1076 341 1144 367 nec
1162 328 1284 379 sapit;

183 381 310 418 Aiunt
327 382 443 420 solere
462 394 550 419 eum
568 395 718 419 rursum
738 394 1003 432 repuerascere.
1232 382 1284 418 25

185 434 312 472 Demi.
341 435 483 481 Immo,
502 435 560 472 bis
579 442 681 472 tanto
701 435 819 481 valeo,
841 447 955 485 quam
975 434 1077 471 valui
1096 434 1212 486 prius.

185 487 336 536 Lysim.
366 487 472 526 Bene
492 487 660 535 (hercle)
679 487 820 525 factum
839 500 850 530 ς
881 494 917 524 et
934 487 1092 537 gaudeo.

820 542 952 578 Demi.
972 540 1113 588 Immo,
1134 540 1165 577 si
1179 539 1286 587 scias,

184 592 319 631 Oculis
336 605 487 644 quoque
505 593 618 631 etiam
637 594 722 644 plus
737 594 819 642 jam
838 592 960 640 video,
981 605 1097 643 quam
1115 592 1232 643 prius.

184 647 336 695 Lysim.
365 647 473 684 Bene
491 653 556 684 est.
595 670 598 675 -

397 701 527 738 Demi.
555 699 706 737 Malam
724 712 803 737 rem
823 699 917 736 dico.

569 754 718 801 Lysim.
747 753 775 789 J
778 765 840 789 am
859 752 954 789 istuc
972 763 1048 789 non
1066 754 1211 790 bonum
1226 750 1286 788 'st-

185 806 318 842 Demi.
347 805 420 843 Sed
439 805 610 843 ausimne
627 818 696 855 ego
714 805 783 842 tibi
802 805 941 855 eloqui,
962 804 995 841 si
1013 804 1106 855 quid
1125 803 1237 842 velim
1251 805 1270 841 ?

185 858 339 906 Lysim.
371 857 576 895 Audacter.

455 911 584 947 Demi.
613 910 805 947 Animum
825 909 989 948 advorte.

782 965 932 1012 Lysim.
963 963 1048 1001 Fiet
1065 962 1207 1001 sedulo.
1237 962 1285 1000 31

187 1017 319 1054 Demi.
352 1015 480 1054 Hodie
498 1017 551 1054 ire
568 1017 607 1054 in
627 1016 763 1053 ludum
779 1016 905 1066 occepi
922 1015 1146 1063 literarium,

187 1068 437 1119 Lysimache:
468 1077 591 1108 ternas
610 1069 683 1106 scio
699 1071 792 1117 jam.

638 1124 789 1171 Lysim.
817 1121 939 1171 Quid,
959 1121 1110 1160 ternas?

959 1177 1091 1212 Demi.
1118 1175 1158 1212 A
1171 1174 1218 1212 M
1237 1173 1289 1213 O.

186 1230 340 1278 Lysim.
370 1228 476 1266 Tun'
495 1229 616 1280 capite
634 1242 727 1267 cano
745 1240 863 1274 ama-5,
884 1239 1000 1266 senex
1018 1228 1260 1279 nequissume
1273 1226 1292 1263 ’ἕ

185 1284 318 1320 Demi.
348 1282 424 1320 Seu
439 1294 592 1330 canum,
613 1296 678 1321 seu
691 1283 786 1320 istuc
804 1281 976 1330 rutilum,
997 1281 1073 1319 sive
1091 1288 1217 1319 atrum
1229 1281 1292 1328 ’st,

344 1347 445 1373 amo.
1237 1334 1290 1370 35

186 1389 341 1437 Lysim.
356 1387 549 1426 Ludificas
567 1400 669 1426 nunc
687 1394 729 1425 tu
748 1400 810 1425 me
828 1386 891 1425 hic
901 1385 1070 1438 (opinor)
1084 1385 1293 1437 Demipho.

185 1443 319 1479 Demi.
347 1440 491 1479 Decide
509 1441 664 1488 collum,
684 1440 715 1478 si
732 1440 874 1478 falsum
894 1441 954 1488 ’st,
975 1440 1033 1476 uti
1050 1439 1209 1490 loquar:

184 1493 276 1541 Vel,
295 1500 340 1531 ut
357 1493 449 1532 scias
467 1505 529 1531 me
546 1505 687 1539 amare,
708 1505 799 1544 cape
818 1493 996 1539 cultrum,
1012 1505 1095 1530 seca

183 1545 366 1597 Digitum
383 1546 444 1584 vel
461 1558 607 1595 aurem,
627 1545 687 1584 vel
705 1554 748 1584 tu
768 1557 920 1594 nasum,
940 1546 999 1585 vel
1016 1546 1192 1584 labrum:

186 1598 229 1637 Si
252 1611 406 1637 movero
423 1611 500 1645 me,
520 1611 587 1637 seu
606 1599 720 1637 secari
739 1611 898 1646 sensero,
1236 1600 1289 1637 40

186 1651 428 1702 Lysimache,
448 1659 578 1690 auctor
596 1664 695 1699 sum,
716 1651 773 1689 uti
790 1664 853 1689 me
871 1651 1035 1690 amando
1051 1651 1115 1690 hic
1134 1651 1267 1690 enices.

186 1706 338 1754 Lysim.
367 1705 410 1744 Si
426 1717 598 1756 unquam
617 1704 745 1743 vidisti
766 1704 910 1756 pictum
935 1713 1157 1749 amatorem,
1173 1705 1288 1744 hem!

341 1758 421 1796 illic
438 1765 506 1796 est.
806 1783 815 1791 .
945 1783 950 1787 .

183 1811 306 1858 Nam,
326 1824 411 1850 meo
429 1810 584 1862 quidem
603 1812 744 1858 animo,
765 1812 929 1859 vetulus,
948 1811 1159 1863 decrepitus
1178 1824 1292 1850 senex

186 1864 394 1903 Tantidem
408 1864 470 1912 ’st,
490 1864 598 1915 quasi
617 1865 664 1902 sit
682 1864 833 1914 signum
851 1865 996 1915 pictum
1014 1865 1052 1902 in
1069 1864 1221 1915 pariete.

187 1919 321 1955 Demi.
354 1918 471 1956 Nunc
484 1925 526 1955 tu
545 1929 608 1955 me
627 1916 774 1970 (credo)
793 1918 971 1968 castigare
989 1918 1141 1969 cogitas.
1239 1918 1292 1956 45

187 1971 341 2019 Lysim.
368 1970 496 2021 Egon'
515 1970 579 2008 te?

278 2026 412 2062 Demi.
442 2023 554 2062 Nihil
572 2031 627 2062 est
640 2025 736 2074 jam,
756 2024 859 2075 quod
877 2031 919 2062 tu
937 2023 1034 2062 mihi
1051 2035 1264 2063 succenseas
1278 2038 1290 2061 z

188 2076 327 2115 Fecere
344 2077 419 2115 tale
437 2086 523 2115 ante
540 2076 606 2115 alii
624 2078 778 2128 spectati
795 2076 878 2115 viri.

187 2129 418 2169 Humanum
436 2143 563 2168 amare
579 2130 639 2179 ’st,
659 2131 872 2169 humanum
886 2137 1013 2170 autem
1031 2130 1220 2182 ignoscere
1231 2131 1296 2168 ’st.
