1435 2400
416 44 767 83 MERCATOR.
798 44 881 82 111.
911 45 950 81 3.
1169 44 1244 82 163

116 148 332 192 ,Decurso
320 161 360 186 m
382 149 515 200 spatiO,
534 151 646 188 breve
663 150 767 200 quod
785 149 871 187 vitae
885 149 1102 201 reliquum’
1104 157 1151 197 st,

134 202 356 252 Voluptate,
377 202 478 250 vino,
499 209 536 240 et
554 215 681 240 amore
699 203 940 241 delectavero.
1216 205 1240 239 5

132 254 238 292 Nam
257 255 354 293 hanc
372 268 410 293 se
427 257 524 294 bene
541 255 679 293 habere
697 263 846 294 aetatern
865 255 984 293 nimio
998 255 1045 293 ’st
1064 255 1221 306 aequius.

133 308 367 346 Adolescens
395 321 514 359 quom
551 308 616 355 sis,
649 316 733 347 tum
765 322 881 360 quom
913 316 968 347 est
998 321 1062 346 sar
1054 309 1150 359 guis
1182 309 1241 346 in-

290 368 407 412 teger,

134 413 210 452 Rei
227 421 302 452 tuae
320 415 539 465 quaerundae
556 415 731 453 convenit
749 428 902 476 operam
922 415 1033 452 dare.

132 465 306 504 Demum
322 468 438 518 igitur
459 481 575 519 quom
595 481 710 506 senex
729 469 792 516 sis,
812 477 902 506 tunc
920 468 960 505 in
979 468 1101 505 otium

134 519 194 558 Te
211 520 380 568 colloces,
401 521 495 559 dum
513 529 708 572 potestur.
738 522 807 559 id
793 535 875 571 jam
893 521 1029 559 lucro'
1032 529 1066 558 st
1194 521 1241 558 10

132 573 250 621 Quod
268 573 374 612 vivis.
432 575 520 613 Hoc
538 583 582 613 ut
600 575 696 622 dico,
717 575 824 613 factis
842 587 1054 626 persequar.

131 626 282 664 Interea
299 634 427 665 tamen
445 628 521 666 huc
538 628 636 666 intro
654 604 703 666 ad
721 641 783 667 me
800 629 961 666 invisam
980 627 1150 665 domum.

131 679 242 718 Uxor
260 692 321 718 me
335 688 531 742 exspectat
546 681 776 742 jamdudum
796 681 961 720 esuriens
980 680 1094 718 domi.

131 733 162 771 J
164 746 226 770 am
242 734 368 784 jurgio
387 734 561 783 enicabit,
583 735 614 773 si
632 735 730 773 intro
748 735 904 773 rediero.
1194 734 1240 770 14

137 787 281 825 Verum
296 787 466 838 (hercle)
483 796 687 839 postremo,
703 797 792 827 utut
806 796 875 837 est,
890 801 966 826 non
981 787 1045 826 ibo
1059 796 1212 831 tamem

131 839 206 879 Sed
223 840 326 878 hunc
343 841 510 879 vicinum
528 842 633 893 prius
651 843 886 889 conveniam,
908 855 1025 893 quam
1043 841 1203 879 domum

133 892 316 931 Redeam.
370 894 427 932 Ut
444 895 541 932 mihi
559 895 671 934 aedeis
689 896 836 947 aliquas
855 895 1053 942 conducat,
1074 894 1173 937 volo,

133 946 213 985 Ubi
230 946 374 986 habitet
391 947 492 987 istaec
508 949 660 987 mulier.
714 950 861 1000 Atque.
882 961 1025 998 eccum,
1045 949 1077 986 it
1094 948 1206 986 foras.

359 1108 544 1146 ACTUS
574 1109 658 1146 ΙΙΙ.
714 1108 899 1147 SCENA
928 1108 1013 1146 III.

394 1213 713 1252 LYSIMACHUS.
741 1215 985 1252 Dmnpno.

135 1323 286 1371 Lysim.
305 1319 514 1358 Adducam
535 1333 604 1372 ego
618 1321 730 1359 illum
746 1322 828 1371 jam
847 1320 896 1358 ad
914 1328 965 1369 te,
983 1321 1015 1359 si
1029 1332 1248 1359 convenero.

132 1376 265 1413 Demi.
296 1374 367 1412 Me
385 1373 487 1412 dicit.

299 1429 452 1478 Lysim.
482 1427 591 1476 Quid
611 1427 680 1477 ais,
699 1428 895 1479 Demipho
912 1431 929 1467 ἓ

701 1484 834 1520 Demi.
866 1481 939 1520 Est
956 1480 1094 1519 mulier
1112 1479 1245 1517 domi?

136 1537 289 1586 Lysim.
321 1534 430 1582 Quid
446 1547 572 1574 censoe
585 1537 603 1574 ἓ

348 1590 480 1626 Demi.
509 1588 616 1637 Quid
635 1587 668 1626 si
686 1588 835 1628 visam?

579 1643 731 1692 Lysim.
761 1643 869 1691 Quid
886 1641 1091 1694 properas?
1118 1652 1244 1679 mane.

136 1696 270 1734 Demi.
297 1695 407 1743 Quid
424 1694 588 1734 faciam?

473 1751 626 1799 Lysim.
655 1748 773 1796 Quod
791 1749 917 1801 opu'st
935 1749 1049 1797 facto,
1067 1747 1182 1787 facito
1200 1755 1245 1785 ut

630 1810 782 1841 comtes.

135 1856 265 1895 Demi.
294 1854 403 1902 Quid
423 1855 584 1906 cogitem
597 1858 615 1894 ,ο
654 1834 849 1908 &quidem
869 1854 1040 1907 (herde)
1060 1867 1155 1906 opus
1173 1854 1246 1893 hoc

294 1908 392 1946 facto
410 1909 611 1956 existumo,
1218 1910 1244 1944 5

133 1962 192 2002 Ut
208 1962 300 2001 illuc
317 1961 516 2000 introeam.

444 2016 599 2065 Lysim.
628 2015 740 2055 Itane
757 2028 857 2065 vero,
878 2028 1031 2064 verveX,
1050 2013 1212 2054 introeas
1224 2014 1242 2049 ?

134 2070 267 2109 Demi.
295 2068 404 2117 Quid
423 2067 528 2107 aliud
546 2068 683 2108 faciam
699 2072 716 2108 ?
