1435 2400
483 94 763 135 EPIDICUS.
795 97 870 136 IV.
900 98 936 133 2.
1209 93 1257 137 71

442 203 537 240 Fid.
556 201 645 239 Tua
663 201 764 239 istaec
783 200 918 250 culpa’
922 207 968 246 st,
989 213 1065 239 non
1084 213 1183 239 mea.
1214 200 1262 244 17

153 254 245 294 Non
272 261 419 306 patrem
444 268 515 305 ego
533 262 571 292 te
592 255 805 302 nominem,
828 255 896 292 ubi
921 262 963 292 tu
986 262 1093 292 tuam
1115 267 1178 292 me
1196 267 1262 305 ap-

311 308 430 359 pelles
448 308 591 346 filiam.
582 311 599 336 ⁹

153 361 268 400 Hanc
286 375 438 413 quoque
460 361 590 409 etiam,
615 362 648 399 si
671 374 734 399 me
755 361 922 412 appeUet
943 360 1076 407 filiam,
1102 369 1263 399 matrem

153 469 281 520 Negat
297 427 534 515 ggcc’ergfiam
551 481 615 507 me
633 481 741 507 suam
757 480 859 513 oese3
880 479 958 506 non
976 479 1064 518 ergo
1082 466 1164 505 haec
1182 480 1266 506 ma-

311 529 368 560 ter
384 534 471 560 mea
483 520 544 560 ’st.
1213 523 1265 558 20

152 574 363 623 Postremo,
382 575 464 636 h·aec
480 587 566 614 mea
585 575 698 627 culpa
715 586 793 613 non
812 581 890 613 est:
922 588 1009 627 quae
1031 573 1159 622 didici,
1185 574 1266 611 dixi

152 640 453 733 Ερίᾱὶωέᾚ
469 682 648 733 magister
665 681 752 719 fuit.

513 737 678 785 Periph.
710 735 812 773 Perii
828 735 837 772 !
869 735 1083 786 plaustrum
1103 735 1261 785 perculi.

155 789 250 827 Fid.
282 789 489 840 Numquid
507 802 577 839 ego
594 789 648 827 ibi
666 789 816 839 peccavi
830 790 848 826 Ρ

396 844 560 892 Periph.
589 842 632 881 Si
651 842 819 889 (hercle)
838 848 876 880 te
893 854 1067 894 unquam
1087 842 1265 879 audivero

547 903 642 934 trem

154 946 226 986 Me
244 960 389 996 vocare,
408 909 546 988 *madia
546 957 653 987 tuam
672 961 743 1001 ego
759 949 992 995 interimam,
1012 961 1205 1000 pessuma.

925 1003 1020 1040 Fid.
1051 1003 1143 1040 Non
1162 1014 1266 1039 voco.

154 1055 235 1093 Ubi
260 1056 363 1095 voles
387 1063 494 1107 pater
518 1069 610 1104 esse,
637 1055 692 1094 ibi
717 1063 817 1095 esto.
849 1056 917 1094 ubi
939 1056 1057 1103 noles,
1083 1068 1132 1093 ne
1154 1055 1270 1093 fueris

366 1117 434 1148 ter.
1217 1110 1268 1145 25

158 1161 269 1200 Phil.
297 1123 434 1210 ngid?
468 1164 518 1200 ob
544 1175 628 1200 eam
656 1175 737 1200 rem
761 1162 859 1200 hanc
884 1161 1021 1209 emisti,
1049 1162 1140 1212 quia
1161 1170 1268 1200 tuam

316 1224 472 1266 gnatam
491 1216 609 1253 ratu's
622 1217 640 1253 ‚⁹
669 1216 809 1267 quibus

157 1267 220 1306 De
238 1267 355 1319 signis
375 1271 604 1320 agnoscebas
620 1271 638 1306 ,⁹

559 1322 725 1372 Periph.
751 1321 895 1360 Nullis.

868 1376 976 1413 Phil.
1002 1374 1132 1422 Quare
1151 1375 1271 1414 filiam

158 1428 361 1468 credidisti
378 1432 578 1468 nostram?

497 1484 662 1532 Periph.
692 1482 830 1520 Servus
848 1481 1033 1533 Epidicus
1050 1482 1147 1520 dixit
1166 1483 1276 1521 mihi.

158 1537 269 1574 Phil.
296 1535 435 1584 Quid?
464 1537 495 1576 si
523 1549 628 1575 servo
655 1535 764 1574 aliter
791 1536 915 1574 visum
931 1536 993 1583 'st,
1021 1547 1096 1574 non
1126 1545 1273 1587 poteras

317 1590 480 1638 novisse,
500 1593 652 1629 obsecro
666 1592 683 1627 Ρ

160 1644 324 1694 Periph.
344 1644 453 1691 Quid
470 1644 568 1695 ego?
588 1644 656 1694 qui
672 1643 796 1691 inam,
815 1650 859 1680 ut
876 1642 1045 1694 primum
1066 1643 1158 1692 vidi,
1174 1655 1275 1681 nun-

321 1710 439 1748 quam
458 1698 536 1736 vidi
553 1696 711 1748 postoe?
1221 1698 1274 1735 30

163 1752 273 1788 Phil.
301 1750 405 1788 Perii
422 1751 583 1790 misera!

422 1806 587 1856 Periph.
616 1804 679 1842 Ne
696 1803 760 1864 βε,
779 1803 942 1841 mulier:
971 1802 1072 1841 intro
1089 1804 1177 1850 abi3
1206 1804 1277 1842 ha-

536 1861 623 1897 beto
644 1857 818 1895 animum
837 1858 994 1894 bonum.

162 1910 252 1961 Ego
271 1909 381 1947 illam
399 1912 595 1963 reperiam.

323 1964 433 2002 Phil.
466 1966 570 2004 Hinc
588 1963 756 2002 Athenis
773 1963 864 2001 civis
882 1976 967 2002 eam
985 1963 1079 2001 emit
1095 1963 1276 2002 Atticus:

166 2015 462 2055 Adolescentem
481 2018 657 2070 equidem
677 2017 851 2055 dicebant
869 2017 1014 2055 emisse.

721 2071 887 2120 Periph.
917 2070 1143 2108 Inveniam·
1131 2099 1143 2115 ‚
1174 2077 1277 2107 tace:

168 2122 251 2161 Abi
277 2122 531 2213 moggaintro,
559 2131 673 2174 atque
696 2123 795 2162 hanc
818 2137 967 2163 asserva
988 2124 1154 2170 Circam,
1186 2122 1283 2160 Solis

412 2188 464 2214 m.
