1435 2400
252 72 332 110 312
519 71 954 112 MOSTELLARIA.
985 71 1036 109 V.
1070 71 1102 108 l.

258 179 403 216 Theur.
430 178 646 229 Surgedum
665 179 751 216 huc.
808 177 882 215 Est
900 177 1093 216 consulere
1118 176 1234 228 igitur
1251 177 1362 229 quid-

410 231 500 269 dam
519 231 621 283 quod
639 240 764 269 tecum
783 231 880 268 volo.
1305 232 1357 269 53

258 286 377 322 Tran.
397 285 458 323 Sic
478 293 603 323 tamen
621 284 710 322 hinc
729 284 929 323 consilium
949 283 1110 322 dedero:
1135 284 1253 322 nimio
1271 286 1358 337 plus

411 338 516 388 sapio
536 337 678 376 sedens.

251 391 359 429 Tum
378 391 532 429 consilia
549 391 714 429 firmiora
732 398 821 428 sunt
839 389 886 428 de
902 389 1038 428 divinis
1056 390 1158 428 locis.
1304 395 1355 430 55

257 446 401 482 Theur.
429 445 563 496 Surge,
584 456 631 482 ne
649 456 815 495 nugare:
845 443 1088 494 adspicedum
1108 451 1236 482 contra
1252 458 1328 484 me.

813 498 932 545 Tran.
957 496 1144 547 Adspexi-

1035 552 1178 587 leeur.
1203 550 1323 590 Vides
1336 554 1355 590 ἓ

256 605 377 642 Tran.
399 603 535 643 video.
582 604 673 643 Huc
691 604 723 642 si
742 603 827 655 quis
845 603 1048 642 intercedat
1066 604 1210 652 tertius,
1230 613 1357 656 pereat

407 657 520 695 fame.

257 711 400 748 leeur.
430 710 606 758 Quidum
621 713 639 749 ἒ

562 765 681 802 Tran.
712 762 817 810 Quia
841 762 937 800 nihil
961 763 1095 814 quaesti
1120 763 1200 803 siet.
1255 764 1355 804 Mali
1431 799 1435 804 .

677 816 845 868 (hercle)
867 817 979 854 ambo
998 830 1142 856 sumus-

258 872 401 909 leeur.
432 871 559 908 Perii!

443 925 565 962 Tran.
594 922 700 970 Quid
719 922 788 960 tibi
807 929 861 960 est
874 925 892 960 ἶ)

633 977 774 1014 lecur.
804 975 956 1013 Dedisti
974 978 1097 1015 verba.
1139 1015 1149 1020 ,

846 1030 966 1067 Tran.
995 1030 1077 1078 Qui
1094 1031 1247 1071 tandem
1261 1036 1279 1073 Ρ

1064 1085 1207 1124 Theur.
1238 1087 1359 1127 Probe

252 1137 324 1176 Me
342 1138 527 1176 emunxti.

462 1193 584 1229 Tran.
612 1191 714 1229 Vide
732 1191 793 1235 sis,
813 1190 946 1229 sati'ne
963 1194 1091 1230 recte?
1121 1203 1215 1230 num
1235 1195 1359 1232 mucci

541 1245 667 1282 fluunt
679 1247 696 1283 ἓ
1307 1248 1358 1286 60

254 1299 398 1337 leeur.
428 1298 571 1345 Immo,
602 1298 716 1336 etiam
748 1299 942 1335 cerebrum
974 1310 1125 1349 quoque
1153 1311 1308 1339 omnem
1339 1314 1360 1340 e

407 1352 527 1412 capite
546 1351 720 1390 emunxti
738 1363 880 1389 meum.

248 1405 352 1442 Nam
373 1405 502 1442 omnia
519 1405 719 1443 malefacta
737 1413 861 1442 vostra
878 1405 999 1455 reperi
1015 1404 1208 1444 radicitus.

247 1457 340 1496 Non
368 1458 546 1497 radicitus
574 1459 729 1510 quidem
759 1458 946 1509 (hercle),
972 1471 1104 1496 verum
1132 1459 1246 1496 etiam
1275 1472 1356 1499 era-

411 1511 471 1549 dic
452 1512 560 1550 itus.

247 1564 464 1615 Nunquam
477 1565 642 1615 (edepol)
655 1564 695 1602 id
705 1564 817 1602 hodie
831 1563 975 1601 inultus
989 1563 1264 1614 designaveris,
1286 1567 1356 1605 tibi

244 1617 339 1655 Jam
366 1619 508 1667 jubebo
532 1618 662 1668 ignem
689 1625 726 1669 et
752 1624 954 1664 sarmenta,
982 1617 1164 1665 carnifex,
1191 1619 1355 1658 circum-

407 1670 500 1707 dari.
1305 1674 1356 1712 65

253 1724 375 1761 Tran.
396 1724 460 1761 Ne
477 1723 601 1762 faxis:
623 1736 714 1761 nam
732 1723 852 1761 elixus
867 1735 959 1771 esse,
981 1737 1097 1775 quam
1117 1737 1236 1775 assus,
1256 1727 1357 1766 soleo

412 1790 572 1815 suavior.

253 1831 398 1868 Theur.
428 1830 620 1881 Exempla
639 1829 812 1881 (edepol)
831 1830 968 1868 faciam
987 1844 1056 1882 ego
1073 1832 1114 1869 in
1132 1839 1181 1870 te.

522 1885 640 1921 Tran.
669 1884 774 1931 Quia
791 1884 935 1934 placeo,
956 1886 1173 1936 exemplum
1195 1887 1351 1938 expetis.

252 1938 332 1975 The
315 1949 394 1974 ur.
426 1937 631 1998 Loquere?
660 1937 902 1987 quojusmodi
934 1938 1084 1990 reliqui,
1115 1952 1233 1991 quom
1264 1940 1353 1979 hinc

407 1988 574 2037 abibam,
592 1990 738 2028 filium.
729 1993 746 2017 '³

253 2045 374 2082 Tra-n.
391 2044 493 2082 Cum
512 2044 684 2094 pedibus,
704 2045 895 2094 manibus,
916 2057 1005 2084 cum
1023 2045 1165 2097 digitiS,
1185 2047 1363 2098 auribus,

411 2097 543 2144 oculis,
562 2097 683 2135 labris.
