1435 2400
433 81 562 126 ΜΕΝ
564 87 822 126 AECHMEI.
851 87 935 125 ΙΙΙ.
964 90 1001 125 2.
1195 88 1271 126 103

156 198 307 243 Errare,
327 194 532 243 extemplo,
552 193 661 244 quasi
678 206 736 232 res
753 205 842 230 cum
861 193 905 231 ea
923 201 1018 231 esset
1035 194 1144 242 mihi,
1214 194 1262 239 17

158 249 265 300 Coepi
282 246 472 286 assentari.
513 246 658 284 Mulier
675 245 862 297 quidquid
887 246 1047 294 dixerat,

154 301 265 341 Idem
284 313 353 352 ego
371 300 555 338 dicebam.
594 299 702 346 Quid
719 298 850 336 multis
870 298 991 337 verbis
1008 300 1160 351 opu'st‘?

153 355 306 393 Minore
323 365 513 404 nusquam
531 353 627 390 bene
645 352 702 389 fui
720 351 928 402 dispendio.
1204 354 1256 392 20

154 410 254 446 Pen.
279 407 411 445 Adibo
428 405 477 443 ad
493 405 710 443 hominem:
739 417 829 442 nam
848 406 1000 443 turbare
1017 405 1147 456 gestio.

155 463 267 499 Men.
298 459 397 508 Quis
414 458 475 496 hic
494 468 563 507 est,
583 458 650 509 qui
668 458 870 496 advorsum
888 458 932 496 fit
948 458 1044 496 mihi
1056 458 1074 494 Ρ

800 513 899 548 Pen.
931 511 1039 559 Quid
1057 511 1124 560 ais,
1144 511 1258 550 homo

153 567 291 605 Levior
307 578 423 618 quam
441 564 588 616 pluma,
608 577 784 616 pessume
804 571 840 602 et
859 565 1113 630 nequissume,

253 620 363 658 ’tium
380 618 558 667 hominis,
578 618 750 664 subdole,
768 630 811 655 ac
827 617 979 655 minimi
994 619 1116 668 preti.
1106 620 1124 645 ’θ

154 673 262 721 Quid
279 672 326 710 de
343 680 380 710 te
397 672 533 733 merui,
553 685 631 722 qua
648 684 710 709 me
728 683 838 708 causa
854 670 1053 720 perderes?
1205 671 1256 709 25

152 727 210 765 Ut
227 725 440 777 surripuisti
457 732 494 762 te
510 724 607 762 mihi
624 723 772 762 dudum
790 723 837 762 de
855 723 960 761 foro!

152 779 291 818 Fecisti
307 779 437 826 funus,
456 777 546 815 med
563 777 723 823 absenti,
742 777 912 827 prandio.

152 832 234 871 Cur
252 833 380 870 ausu's
397 832 531 878 facere,
551 831 642 882 quoi
659 843 728 881 ego
746 843 853 881 aeque
870 830 988 869 haeres
1006 843 1108 870 eram
1120 830 1139 867 ?

154 887 268 923 Men.
294 885 536 927 Adolescens,
557 896 697 935 quaeso,
718 883 811 934 quid
830 883 899 921 tibi
917 897 1068 923 mecum
1091 892 1147 923 est
1163 883 1232 927 rei,

153 939 236 986 Qui
254 938 350 976 mihi
367 938 467 976 male
484 937 587 975 dioes
603 936 750 975 homini
767 936 896 987 ignoto
909 937 1100 976 insciens?
1208 937 1260 975 30

153 992 221 1029 An
240 991 309 1029 tibi
326 992 466 1029 malam
485 1002 565 1028 rem
583 989 638 1028 vis
656 1002 725 1040 pro
742 989 950 1029 maledictis
968 990 1050 1028 dari

157 1045 293 1083 Postea
305 1046 323 1081 Ρ

252 1099 351 1134 Pen.
379 1096 478 1134 Eam
498 1096 652 1147 quidem
673 1094 842 1146 (edepol)
862 1104 898 1134 te
916 1096 1059 1135 dedisse
1077 1096 1260 1146 intelligo.

158 1153 270 1190 Men.
297 1149 514 1199 Responde,
541 1148 769 1196 adolescens,
799 1162 940 1199 quaeso,
971 1149 1065 1200 quid
1093 1149 1163 1187 tibi
1192 1161 1260 1186 no-

317 1215 405 1240 men
425 1210 479 1240 est
493 1205 510 1240 Ρ

157 1261 255 1297 Pen.
284 1255 415 1294 Etiam
433 1255 591 1302 derides,
612 1255 721 1306 quasi
739 1267 877 1293 nomen
895 1267 971 1293 non
990 1255 1159 1294 noveris?

156 1313 269 1349 Men.
298 1310 389 1347 Non
416 1307 588 1359 (edepol)
620 1321 689 1359 ego
717 1316 768 1355 te,
799 1308 902 1358 quod
929 1309 1059 1358 sciam,
1089 1321 1260 1360 unquam

316 1369 404 1399 ante
421 1361 524 1399 hunc
541 1361 643 1399 diem
1209 1361 1261 1398 35

155 1416 262 1464 Vidi,
281 1427 403 1466 neque
420 1414 535 1461 novi;
562 1427 695 1452 verum
713 1421 826 1462 certo,
847 1414 1018 1466 quisquis
1037 1427 1089 1462 es,

155 1471 332 1521 AEquum
351 1468 382 1506 si
399 1467 529 1514 facias,
548 1467 644 1505 mihi
661 1467 811 1506 odiosus
828 1479 877 1504 ne
894 1467 977 1507 εἰῶ.

158 1525 258 1562 Pen.
288 1522 329 1560 N
332 1533 381 1559 on
399 1533 461 1558 me
478 1520 648 1559 novisti?

607 1576 722 1613 Men.
755 1574 847 1612 Non
864 1585 1013 1625 negem,
1033 1573 1065 1613 si
1082 1575 1261 1614 noverim.

158 1633 258 1669 Pen.
285 1628 539 1676 Menaechme,
559 1627 688 1678 vigila.

239 1685 352 1721 Men.
380 1680 513 1732 Vigilo
533 1679 701 1730 (hercle)
722 1680 912 1742 equidem,
932 1681 1035 1732 quod
1053 1681 1182 1720 sciam.

160 1740 260 1776 Pen.
288 1736 423 1774 Tuum
441 1733 647 1786 parasitum
666 1746 742 1772 non
760 1734 927 1772 novisti?

862 1789 976 1825 Men.
1004 1788 1096 1826 Non
1115 1787 1184 1826 tibi
1212 1789 1263 1827 40

161 1843 308 1881 Sanum
320 1841 381 1888 'st‚
401 1841 628 1888 adolescens,
648 1841 826 1892 sinciput,
846 1848 889 1878 ut
907 1841 1090 1892 intelligo.

164 1897 264 1933 Pen.
284 1894 498 1943 Responde,
519 1893 772 1946 surripuistin'
793 1893 902 1932 uxori
926 1902 1001 1932 tuae

165 1947 317 1986 Pallam
334 1946 453 1985 istanc
471 1947 596 1995 hodie,
616 1955 731 1999 atque
748 1946 884 1985 dedisti
902 1947 1063 1985 Erotio?

166 2003 280 2039 Blen.
318 2000 456 2051 Neque
486 2001 652 2051 (hercle)
686 2013 756 2052 ego
783 2013 942 2038 uxorem
971 2000 1117 2049 habeo;
1145 2013 1268 2052 neque

371 2065 394 2091 o
408 2053 540 2091 Erotio

169 2106 286 2155 Dedi,
303 2066 373 2145 n}
390 2106 532 2158 pallam
550 2107 726 2159 surripui.

715 2162 816 2199 Pan.
843 2159 977 2200 Sati'n'
996 2173 1109 2201 sanus
1126 2174 1164 2199 es
1177 2159 1196 2198 ἰ’
1224 2161 1274 2198 45
