1435 2400
179 64 253 101 120
457 62 848 103 MENAECHMEI.
876 63 929 102 V.
958 65 995 100 2.

387 171 445 208 M
445 172 496 209 ul.
527 171 662 222 Fugio.
718 171 886 218 Amabo,
906 182 1052 208 asserva
1069 169 1206 215 istunc,
1223 169 1278 207 mi

491 232 612 274 pater,
1225 224 1277 260 98

173 275 215 313 N
217 288 236 313 e
253 288 330 327 quo
347 277 436 315 hinc
454 279 574 315 abeat.
627 277 770 315 Sumne
789 290 858 328 ego
875 276 1013 314 mulier
1027 276 1176 324 misera,
1192 288 1279 327 quae

333 330 429 368 iuaec
447 331 558 367 audio
569 331 586 366 ἶ)

174 383 288 420 Men.
314 383 434 421 Haud
453 384 552 421 male
569 384 682 421 illanc
700 383 838 421 amovi.
892 383 1008 421 Nunc
1024 382 1127 420 hunc
1147 381 1277 430 impu-

331 437 551 483 rissumum,
1199 433 1274 470 100

172 488 400 536 Barbatum,
416 490 634 534 tremulum,
652 490 880 536 Tithonum,
897 489 1032 540 Cygno
1049 495 1278 539 prognatum

359 550 449 581 atre.

173 594 236 631 Ita
252 556 542 647 mihiimperaffi
562 603 605 633 ut
624 609 693 647 ego
710 596 827 645 hujus
845 596 1029 643 membra,
1049 601 1163 645 atque
1180 605 1276 639 ossa,

331 656 444 700 atque
462 657 583 695 artua,

174 700 445 740 Comminuam
464 702 530 739 illo
549 701 726 753 scipione,
743 715 857 753 quem
876 702 955 753 ipse
974 701 1099 738 habet.

813 758 901 793 Sen.
931 754 1098 792 Dabitur
1114 754 1276 797 malum,

173 806 243 845 Me
268 806 423 858 quidem
452 807 483 844 si
507 808 687 858 attigeriS,
713 816 780 846 aut
811 810 842 846 si
871 808 1025 861 propius
1053 806 1102 843 ad
1130 819 1192 843 me
1216 818 1278 843 ac-

330 871 494 899 cesseris.

172 913 285 950 Men.
314 912 484 960 Faciam,
504 914 607 965 quod
622 915 757 963 jubes3
788 914 948 952 securim
968 913 1115 964 capiam
1133 911 1276 962 ancipi-

331 973 405 1004 tem
421 980 433 1011 3
464 975 578 1018 atque
593 967 695 1004 hunc
714 980 842 1005 senem
1201 965 1276 1002 105

171 1019 392 1064 Exossab03
423 1019 509 1057 dein
527 1019 710 1057 dedolabo
728 1020 921 1057 assulatim
941 1019 1090 1057 viscera.

172 1075 264 1110 Seu.
293 1072 500 1110 Enimvero
524 1073 620 1109 illud
647 1073 936 1123 praecavendum
955 1073 1016 1120 'st‚
1036 1078 1149 1123 atque
1167 1083 1279 1108 accu-

328 1125 489 1163 randum
509 1125 629 1163 mihi:

171 1179 270 1217 Sane
284 1191 353 1228 ego
367 1179 477 1216 illum
496 1187 639 1226 metuo,
655 1186 698 1217 ut
711 1179 893 1227 minatur,
912 1192 960 1217 ne
974 1178 1067 1230 quid
1084 1176 1282 1215 malefaxit

328 1232 436 1270 mihi.

171 1286 284 1322 Men.
315 1284 446 1324 Multa
476 1287 572 1324 mihi
607 1286 787 1337 imperas,
820 1285 992 1337 Apollo:
1033 1297 1136 1322 nunc
1163 1296 1280 1334 equos

326 1339 476 1387 junctos
491 1341 602 1389 jubes

171 1392 315 1442 Capere
333 1404 395 1429 me
418 1392 635 1441 indomitos,
660 1392 813 1439 feroces,
832 1399 947 1443 atque
973 1391 1014 1429 in
1039 1402 1193 1429 currum
1220 1389 1279 1426 in-

330 1445 517 1492 scendere,
1196 1443 1272 1480 110

170 1497 227 1535 Ut
253 1511 323 1548 ego
349 1498 452 1536 hunc
477 1506 666 1549 proteram
692 1498 841 1536 leonem
860 1497 1072 1544 Gaetulum,
1099 1495 1279 1543 olentem,

329 1551 563 1590 edentulum.

169 1603 261 1644 Jam
289 1604 419 1642 adstiti
442 1604 483 1641 in
511 1617 689 1643 currum:
725 1605 807 1653 jam
834 1603 915 1642 lora
939 1611 1071 1642 teneo:
1099 1604 1180 1652 jam
1210 1602 1280 1640 sti-

327 1656 479 1694 mulum
496 1658 535 1695 in
554 1671 671 1696 manu
691 1665 757 1696 est.
1269 1696 1272 1699 .

169 1710 302 1761 Agite,
322 1710 435 1761 equi!
465 1710 615 1749 facitote
632 1711 775 1749 sonitus
801 1710 1033 1761 ungularum
1051 1715 1258 1760 appareant

170 1763 297 1802 Cursu
316 1763 447 1801 celeri:
477 1763 587 1802 facite
603 1764 743 1802 inflexa
761 1763 809 1801 sit
825 1763 968 1814 pedum
986 1762 1198 1813 pernicitas.

170 1818 261 1855 Sen.
289 1816 433 1855 Mihin’
449 1817 555 1868 equis
569 1818 712 1866 junctis
729 1817 873 1854 minare
887 1819 904 1854 Ρ

593 1872 707 1908 Men.
735 1871 848 1916 Ecce,
868 1870 1027 1921 Apollo,
1046 1868 1171 1907 denuo
1202 1868 1277 1905 115

171 1922 243 1961 Me
268 1923 380 1972 jubes
407 1923 526 1962 facere
544 1923 731 1975 impetum
758 1923 799 1960 in
824 1936 926 1972 eum,
956 1922 1023 1974 qui
1051 1929 1139 1969 stat,
1164 1928 1279 1972 atque

327 1976 502 2015 occidere.

168 2029 244 2068 Sed
269 2029 354 2080 quis
382 2030 444 2068 hic
470 2038 538 2075 est,
562 2030 629 2082 qui
657 2043 720 2069 me
738 2029 874 2081 capillo
897 2029 987 2067 hinc
1009 2028 1056 2066 de
1074 2040 1185 2066 curru
1211 2025 1278 2064 de-

327 2083 417 2133 ripit
431 2086 448 2121 Ρ

170 2135 383 2185 Imperium
402 2145 513 2175 tuum
533 2137 719 2186 demutat,
739 2144 852 2187 atque
870 2136 1014 2175 dictum
1033 2133 1241 2185 Apollinis.
