1435 2400
454 67 651 108 PERSA.
678 68 731 106 V.
762 71 800 107 2.
1106 71 1181 109 361

749 178 843 226 Sag.
878 177 988 215 Heus
1007 177 1096 215 vos!
1129 177 1181 215 63

70 231 164 269 Tooe.
195 229 303 278 Quid
317 229 399 268 ais?

319 285 415 334 Sag.
444 282 603 321 Hiccine
622 282 816 321 Dordalus
835 291 889 321 est
908 283 1008 331 leno,
1030 284 1098 335 qui
1115 284 1181 323 hic

485 336 622 374 liberas
642 336 804 387 virgines
818 363 936 375 .....

62 389 226 429 Hiccine
244 397 317 435 est,
337 389 404 441 qui
421 389 495 427 fuit
512 389 706 440 quondam
725 389 860 428 fortis?

275 445 402 482 Dord.
429 442 530 490 Quae
546 442 626 480 haec
645 455 704 481 τῶ
722 443 805 481 oet?
837 443 940 482 Hei!
973 443 1175 496 colaphum

438 496 504 534 icit
520 496 531 533 Σ
1123 499 1175 535 65

65 550 221 589 Malum
239 551 346 588 vobis
364 550 476 589 dabo.

193 605 290 642 Tooe.
318 604 376 641 At
393 603 464 642 tibi
481 614 551 641 nos
569 602 758 649 dedimus,
777 603 1030 655 dabimusque
1049 603 1176 642 etiam.

573 658 700 694 Dord.
730 657 810 695 Hei
825 658 834 695 !
868 666 973 695 nates
992 658 1178 708 pervellit.

65 713 180 761 Paeg.
211 710 341 749 Licet:
368 709 519 759 jamdiu
538 722 636 762 saepe
655 718 745 748 sunt
764 719 974 762 expunctae.

293 765 419 802 Dord.
447 764 624 815 Loquere
643 771 685 801 tu
704 764 834 811 etiam,
853 764 1019 802 frustum
1037 764 1178 816 pueri?

65 820 175 857 Lem.
206 818 385 864 Patrone,
406 817 535 855 iintro
553 818 727 863 (amabo)
749 818 798 855 ad
816 830 973 856 coenam.

295 872 424 909 Dord.
452 870 546 907 Mea
564 869 730 919 ignavia,
750 878 792 908 tu
811 883 913 908 nunc
931 883 994 909 me
1012 871 1143 909 irrides
1159 872 1178 909 ἓ

65 927 174 964 Lem.
203 924 356 972 Quiane
375 932 412 961 te
430 935 536 968 voc0,
556 924 652 960 bene
670 930 714 959 ut
733 923 804 961 tibi
823 924 901 962 sit?

473 977 600 1014 Dord.
628 975 733 1014 Nolo
751 977 848 1015 mihi
864 978 961 1016 bene
979 990 1069 1016 ωδε.

892 1032 1004 1069 Lem.
1032 1031 1095 1070 Ne
1115 1031 1179 1071 sit.

71 1088 168 1125 Tox.
198 1083 305 1132 Quid
341 1083 492 1135 igitur?
515 1082 683 1121 sexcenti
711 1084 865 1122 nummi
895 1085 990 1135 quid
1025 1088 1177 1136 agunt?

225 1151 319 1189 quas
337 1139 467 1175 turbas
485 1136 657 1174 danunt!
1124 1140 1176 1182 70

64 1194 192 1232 Dord.
219 1191 330 1229 Male
357 1190 534 1242 disperii!
568 1190 702 1229 Sciunt
727 1190 864 1230 referre
889 1192 1035 1244 probe
1024 1192 1180 1230 mimico

221 1245 396 1296 gratiam.

70 1302 166 1339 Tox.
199 1297 298 1338 Satis
317 1297 522 1336 sumsimus
541 1296 733 1348 supplici
718 1310 813 1347 Jam.

329 1353 456 1390 Dord.
488 1351 649 1395 Fateot;
678 1363 816 1389 manus
834 1352 938 1390 vobis
956 1352 1017 1390 do.

771 1407 866 1443 Tox.
895 1406 950 1444 Et
967 1413 1052 1458 post
1069 1405 1178 1446 dabis

63 1461 144 1501 Sub
163 1458 289 1498 furcis.
346 1459 430 1497 Abi
447 1459 558 1497 intro.

239 1515 333 1563 Sag.
363 1513 412 1551 In
430 1526 592 1552 crucem.

434 1569 563 1606 Dord.
589 1568 707 1606 Anne
725 1567 790 1605 hic
806 1579 942 1618 parum
963 1567 1172 1605 exercitum

67 1621 166 1659 Hice
183 1632 246 1658 me
263 1619 405 1659 habent
419 1622 437 1659 ‚⁹

318 1675 414 1712 Tosc.
441 1675 670 1713 Convenisse
688 1683 725 1713 te
745 1674 930 1713 Toxilum
948 1673 1178 1712 memineris.

65 1728 309 1778 Spectatores,
331 1728 427 1766 bene
445 1729 591 1767 valete:
621 1730 708 1768 leno
725 1728 850 1780 periit.
905 1727 1095 1767 Plaudite.
1124 1729 1177 1771 75

350 1967 473 1996 TOMI
505 1969 711 1997 SECUNDI
745 1972 888 2000 FINIS.

117 2209 219 2238 voL.
243 2209 294 2235 ιι.
892 2201 915 2236 2
939 2211 950 2236 1
