1435 2400
209 85 289 123 250
411 82 591 124 MILES
620 83 952 124 GLORIOSUS
981 85 1057 123 IV.
1084 87 1122 124 6

205 189 340 240 Atque
350 191 551 230 obsecrabo
565 190 638 230 alio
649 190 776 229 modo.
822 190 863 229 Si
877 202 953 229 non
968 191 1089 252 quibo
1098 191 1316 242 impetrare,

206 242 445 282 Consciscam
474 244 610 282 letum.
660 244 801 282 Vivere
830 243 910 282 sine
943 243 1010 283 illo
1041 245 1116 283 scio
1143 257 1206 282 me
1237 256 1314 282 non

206 350 337 399 Pyrg.
365 309 655 441 ῗὶἶέἒΙΞῦεηᾶαω
682 357 844 388 mortem
869 349 977 388 video
1005 350 1171 389 mulieri.
1227 298 1315 388 Αἲξ

363 415 377 439 1
427 414 453 440 n

520 457 611 494 Pal.
640 455 845 494 Minume:

204 507 311 546 Nam
331 515 373 545 tu
393 515 429 555 ge
447 508 562 546 vilem
580 509 724 556 feceris,
745 509 776 546 si
794 518 831 547 te
848 509 949 547 ultro
966 509 1138 560 largiare.

205 560 295 600 Sine
312 561 413 599 ultro
430 562 569 609 veniat,
591 563 775 613 quaeritet,
797 562 996 609 desideret,
1017 569 1217 613 exspectet.

206 614 454 653 Summovere
480 615 592 653 istam
620 616 676 654 vis
703 615 877 667 gloriam,
908 628 1024 666 quam
1051 615 1197 653 habes?
1226 627 1318 654 cave

361 668 424 715 sis,
443 668 565 706 faxis:
1259 669 1312 706 30

203 719 311 757 Nam
332 721 429 758 nulli
447 721 599 759 mortali
618 721 692 759 scio
710 721 887 772 obtigisse
904 721 989 768 hoc,
1009 720 1081 759 nisi
1099 720 1262 769 duobus,

208 772 299 810 Tibi
318 780 356 810 et
374 774 522 812 Phaoni
538 775 690 822 Lesbio,
710 782 789 811 tam
808 775 941 812 misere
960 783 1003 812 ut
1023 782 1252 812 amarentur.

205 829 322 864 Acro.
350 827 410 864 Eo
435 828 559 865 intro:
589 827 650 866 abi
679 836 745 865 tu:
779 827 890 865 illum
916 835 1068 865 evocato
1086 827 1200 876 foras,
1229 840 1317 866 mea

366 879 640 931 Milphidippa.

205 933 263 969 M
263 933 357 982 ilph.
388 934 529 981 Immo,
545 933 801 984 opperiamur,
820 933 914 971 dum
932 940 1041 971 exeat
1059 933 1209 984 aliquis.

832 987 953 1024 Acro.
980 986 1130 1024 Durare
1147 999 1310 1039 nequeo,

206 1036 311 1080 Quin
333 1050 417 1075 eam
435 1038 546 1076 intro.

310 1092 366 1128 M
367 1093 458 1141 ilplz.
489 1091 663 1131 Occlusae
681 1099 770 1129 sunt
787 1091 899 1130 fores.

619 1147 739 1184 Acro.
767 1146 996 1196 Effringam.

793 1200 945 1248 Milph.
974 1200 1075 1238 Sana
1093 1210 1170 1236 non
1189 1210 1239 1235 es.
1259 1198 1311 1235 35

202 1251 322 1288 Acro.
351 1250 393 1289 Si
418 1252 560 1290 amavit
577 1264 763 1303 unquam,
788 1260 855 1291 aut
873 1252 903 1290 si
931 1265 1063 1303 parem
1089 1251 1312 1303 sapientiam

357 1304 418 1342 hic
436 1305 551 1343 habet
570 1318 612 1343 ac
631 1306 807 1349 formam,

199 1355 274 1394 Per
291 1370 458 1396 amorem
479 1358 509 1396 si
528 1358 620 1410 quid
638 1358 772 1405 fecem,
791 1358 965 1397 clementi
983 1359 1110 1396 animo
1127 1358 1309 1408 ignoscet.

200 1411 292 1447 Pal.
318 1412 375 1449 Ut
394 1414 556 1462 (quaeso)
575 1424 703 1450 amore
720 1411 866 1462 perdita
886 1412 934 1449 'st
952 1411 1031 1450 haec
1049 1412 1186 1449 misera
1202 1411 1212 1447 !

877 1466 1009 1514 Pyrg.
1037 1465 1229 1502 Mutuum
1247 1463 1302 1502 fit.

199 1517 289 1555 Pal.
318 1516 434 1563 Tace,
455 1529 503 1555 ne
521 1517 662 1555 audiat.

382 1572 440 1608 M
441 1571 532 1620 ilph.
562 1570 669 1617 Quid
686 1569 864 1608 adstitisti
881 1570 1084 1621 obstupida
1097 1571 1115 1608 ?
1145 1582 1212 1608 cur
1228 1580 1307 1608 non

516 1624 615 1660 ultas
630 1625 647 1661 ?

198 1675 314 1713 Acro.
344 1675 449 1722 Quia
466 1637 543 1713 υἷι)
563 1684 616 1713 est
634 1676 751 1724 intus,
771 1688 886 1726 quem
906 1688 976 1727 ego
995 1676 1091 1714 volo.

513 1731 605 1767 Pal.
637 1729 718 1773 Qui
738 1730 838 1768 scis?

661 1783 780 1821 Ac'ro.
805 1782 905 1829 Scio,
925 1782 1083 1832 edep013
1114 1781 1216 1820 scio:
1249 1783 1301 1821 40

194 1834 300 1872 Nam
317 1834 431 1874 odore
447 1847 586 1873 nasum
604 1836 754 1883 sentiat,
775 1836 807 1875 si
824 1836 926 1873 intus
945 1836 1026 1875 siet,

898 1890 1030 1938 Pyrg.
1060 1888 1298 1927 Hariolatur.

192 1939 297 1988 Quia
323 1953 386 1979 me
415 1948 531 1988 amat,
561 1951 757 1992 propterea
778 1942 912 1980 Venus
941 1942 1030 1980 fecit
1056 1955 1141 1980 eam
1166 1949 1211 1980 ut
1237 1941 1296 1978 dj-

346 1995 501 2032 villare&

188 2047 307 2085 Acro.
331 2048 486 2086 Nescio-
489 2046 556 2085 ubi
579 2047 644 2086 hic
669 2059 787 2098 prope
801 2047 919 2096 adest,
940 2061 1056 2100 quem
1080 2053 1217 2100 expeto
1235 2046 1294 2086 vis-

345 2100 456 2139 dere.
487 2100 561 2139 olet
578 2099 756 2151 profecto.
