1435 2400
351 92 791 133 MOSTELLARIA.
820 93 896 133 IV.
926 95 964 132 2.
1135 97 1215 136 305

210 199 352 237 Tkeur.
381 200 482 248 Quis
499 201 601 239 istaec
620 201 812 241 faciebat?

422 256 551 292 Phan.
584 255 839 294 Philolaches.

662 309 807 346 Theur.
835 307 916 355 Qui
936 309 1176 350 Philolachae
1194 314 1212 350 ?

96 361 229 398 Phan.
256 359 362 408 Quoi
379 368 526 412 patrem
545 361 832 412 Theuropidem
851 374 930 400 esse
948 363 1093 413 opinor.

581 416 725 452 Theur.
755 415 858 453 Hei!
889 415 977 453 hei!
1008 417 1140 464 occidi,
1157 420 1210 455 45

95 465 136 504 Si
164 465 246 504 haec
273 468 335 529 hic
363 482 451 507 vera
477 476 677 507 memorat.
724 469 888 519 Pergam
916 481 1027 520 porro
1054 483 1211 521 percon-

93 572 205 612 Ai’n’
238 528 407 636 thariggic
426 583 556 627 potare
591 575 746 614 solitum
783 574 1046 614 Philolachem
1077 577 1210 626 istum,

253 641 427 680 quisquis
445 637 514 678 est,

91 680 195 720 Cum
213 681 306 719 hero
323 690 447 720 vostro
459 682 477 718 ’ἓ

196 736 326 773 ΡῙιαη.
356 737 452 783 Hic,
471 737 644 787 inquam.

337 791 482 828 Theur.
510 790 648 839 Fuere,
668 798 802 841 praeter
820 791 983 842 speciem
1000 792 1139 829 stultus
1157 805 1208 830 es.

92 841 193 882 Vide
209 843 275 890 sis,
294 854 344 881 ne
365 843 462 882 forte
480 843 529 881 ad
551 845 771 883 merendam
791 845 973 896 quopiam
990 845 1207 897 devorteris,

89 895 224 951 Atque
242 897 297 935 ibi
314 897 551 945 meliuscule,
574 911 692 948 quam
710 898 799 936 satis
816 899 945 944 fuerit,
966 899 1120 936 biberis.

748 952 882 988 Phan.
909 951 1018 998 Quid
1037 954 1123 990 oet?
1154 954 1206 990 50

95 1005 240 1044 Theur.
268 1005 333 1066 Ita
350 1003 449 1052 dico,
477 1016 525 1041 ne
550 1003 599 1041 ad
623 1004 715 1042 alias
740 1004 852 1042 aedeis
876 1017 1076 1056 perperam
1095 1004 1205 1043 deve-

87 1113 215 1151 Plzan.
244 1070 356 1172 ἒὲιῖζ
369 1109 446 1171 qua
471 1123 534 1148 me
561 1111 617 1148 ire
641 1118 811 1162 oportet:
843 1116 893 1159 et,
919 1124 996 1162 quo
1017 1112 1199 1159 venerim,

84 1164 443 1280 Philolaclhzzl'liiitm
443 1192 606 1265 habitat,
632 1219 772 1269 quojus
802 1225 858 1256 oet
885 1224 992 1269 pater
1025 1217 1201 1257 'rheum-

83 1326 180 1375 Qui,
199 1272 405 1378 Ροξξὲῗιῖω
423 1332 531 1377 pater
549 1324 598 1363 ad
614 1332 826 1365 mereatum
848 1324 966 1364 abivit
986 1325 1090 1375 hinc,
1111 1325 1201 1365 tibi-

81 1391 368 1473 Ιαᾟεῐανξέὃω

195 1488 341 1526 ΤῙιετιν.
369 1486 611 1526 Philolaches
630 1500 718 1538 ergo
734 1489 752 1525 ἲ

402 1541 533 1579 Ρήαη.
562 1542 638 1590 Ita,
654 1540 933 1579 Philematium
954 1539 1124 1592 quidem.
1147 1541 1198 1577 55

87 1596 232 1635 Theur.
259 1593 409 1642 Quanti
422 1597 440 1633 Ρ

242 1649 329 1687 Ser.
355 1647 536 1699 Triginta
551 1648 715 1687 talentis.

244 1725 248 1727 >
365 1703 497 1740 Plzan.
525 1712 589 1741 Μα
607 1718 666 1739 τον
684 1701 872 1738 Amineo!
903 1701 970 1739 sed
989 1700 1115 1738 minis.

86 1757 231 1795 Theur.
269 1755 396 1803 Ai'n',
425 1755 542 1794 minis
577 1754 733 1806 triginta
767 1754 931 1793 amicam
966 1754 1194 1792 destinatam

240 1808 455 1847 Philolachi
470 1811 488 1846 ?

81 1864 212 1902 Phan.
238 1862 331 1900 Aio.

190 1917 337 1955 Theur.
365 1912 497 1966 Atque
515 1927 600 1953 eam
617 1927 738 1954 manu
765 1914 932 1954 emisisse
945 1913 964 1950 ⁶?

293 1968 425 2007 Phan.
456 1968 550 2006 Aio.

403 2021 546 2059 Theur.
565 2023 633 2070 Et,
652 2030 857 2075 postquam
876 2023 958 2072 ejus
974 2019 1065 2058 hinc
1082 2026 1190 2072 pater

75 2079 134 2118 Sit
151 2076 340 2131 profectus
356 2087 524 2127 peregre,
543 2077 759 2128 perpotasse
775 2076 925 2116 assiduo

76 2132 168 2172 Tuo
185 2143 275 2170 cum
293 2129 449 2168 domino
462 2131 481 2167 Ρ

187 2186 315 2224 Plum.
342 2182 435 2221 Aio.

858 2239 882 2273 2
903 2247 932 2274 D
948 2234 973 2270 3
