<?xml version="1.0" encoding="UTF-8"?>
<!DOCTYPE html PUBLIC "-//W3C//DTD XHTML 1.0 Transitional//EN"
    "http://www.w3.org/TR/xhtml1/DTD/xhtml1-transitional.dtd">
<html xmlns="http://www.w3.org/1999/xhtml" xml:lang="en" lang="en">
 <head>
  <title>
</title>
<meta http-equiv="Content-Type" content="text/html;charset=utf-8" />
  <meta name='ocr-system' content='tesseract 3.04.00' />
  <meta name='ocr-capabilities' content='ocr_page ocr_carea ocr_par ocr_line ocrx_word'/>
</head>
<body>
  <div class='ocr_page' id='page_1' title='image "./comoediaesupers02plauuoft_0194.png"; bbox 0 0 1435 2400; ppageno 0'>
   <div class='ocr_carea' id='block_1_1' title="bbox 242 20 1032 60">
    <p class='ocr_par' dir='ltr' id='par_1_1' title="bbox 242 20 1032 60">
     <span class='ocr_line' id='line_1_1' title="bbox 242 20 1032 60; baseline -0.004 0"><span class='ocrx_word' id='word_1_1' title='bbox 242 23 316 60; x_wconf 82' lang='grc'><strong>186</strong></span> <span class='ocrx_word' id='word_1_2' title='bbox 548 20 885 60; x_wconf 78' lang='lat' dir='ltr'><strong>MERCATOR.</strong></span> <span class='ocrx_word' id='word_1_3' title='bbox 916 21 967 59; x_wconf 88' lang='lat' dir='ltr'><strong>V.</strong></span> <span class='ocrx_word' id='word_1_4' title='bbox 995 22 1032 58; x_wconf 85' lang='lat'><strong>4.</strong></span> 
     </span>
    </p>
   </div>
   <div class='ocr_carea' id='block_1_2' title="bbox 245 126 1346 232">
    <p class='ocr_par' dir='ltr' id='par_1_2' title="bbox 245 126 1346 232">
     <span class='ocr_line' id='line_1_2' title="bbox 384 126 1346 177; baseline 0 -12"><span class='ocrx_word' id='word_1_5' title='bbox 384 129 516 165; x_wconf 76' lang='lat' dir='ltr'><strong>Demi.</strong></span> <span class='ocrx_word' id='word_1_6' title='bbox 543 128 573 166; x_wconf 83' lang='lat' dir='ltr'><strong>J</strong></span> <span class='ocrx_word' id='word_1_7' title='bbox 575 141 652 174; x_wconf 87' lang='lat' dir='ltr'><strong>am,</strong></span> <span class='ocrx_word' id='word_1_8' title='bbox 671 136 716 166; x_wconf 86' lang='lat' dir='ltr'><strong>ut</strong></span> <span class='ocrx_word' id='word_1_9' title='bbox 732 128 824 173; x_wconf 87' lang='lat' dir='ltr'><strong>volt,</strong></span> <span class='ocrx_word' id='word_1_10' title='bbox 843 140 911 177; x_wconf 90' lang='lat' dir='ltr'><strong>per</strong></span> <span class='ocrx_word' id='word_1_11' title='bbox 927 140 990 165; x_wconf 90' lang='lat' dir='ltr'><strong>me</strong></span> <span class='ocrx_word' id='word_1_12' title='bbox 1008 127 1078 166; x_wconf 87' lang='lat' dir='ltr'><strong>sibi</strong></span> <span class='ocrx_word' id='word_1_13' title='bbox 1095 126 1232 166; x_wconf 68' lang='lat' dir='ltr'><strong>habeat</strong></span> <span class='ocrx_word' id='word_1_14' title='bbox 1244 127 1346 165; x_wconf 76' lang='lat' dir='ltr'><strong>licet.</strong></span> 
     </span>
     <span class='ocr_line' id='line_1_3' title="bbox 245 180 1346 232; baseline -0.002 -13"><span class='ocrx_word' id='word_1_15' title='bbox 245 183 340 219; x_wconf 84' lang='lat' dir='ltr'><strong>Eut.</strong></span> <span class='ocrx_word' id='word_1_16' title='bbox 380 181 573 231; x_wconf 79' lang='lat' dir='ltr'><strong>Temperi,</strong></span> <span class='ocrx_word' id='word_1_17' title='bbox 602 181 755 231; x_wconf 85' lang='lat' dir='ltr'>edepol!</span> <span class='ocrx_word' id='word_1_18' title='bbox 786 180 981 232; x_wconf 85' lang='lat' dir='ltr'><strong>quoniam,</strong></span> <span class='ocrx_word' id='word_1_19' title='bbox 1011 189 1055 218; x_wconf 89' lang='lat' dir='ltr'><strong>ut</strong></span> <span class='ocrx_word' id='word_1_20' title='bbox 1086 181 1192 219; x_wconf 85' lang='lat' dir='ltr'><strong>aliter</strong></span> <span class='ocrx_word' id='word_1_21' title='bbox 1216 180 1346 226; x_wconf 87' lang='lat' dir='ltr'><strong>facias,</strong></span> 
     </span>
    </p>
   </div>
   <div class='ocr_carea' id='block_1_3' title="bbox 246 232 1350 389">
    <p class='ocr_par' dir='ltr' id='par_1_3' title="bbox 246 232 1350 389">
     <span class='ocr_line' id='line_1_4' title="bbox 403 232 1343 284; baseline 0 -14"><span class='ocrx_word' id='word_1_22' title='bbox 403 246 478 271; x_wconf 90' lang='lat' dir='ltr'><strong>non</strong></span> <span class='ocrx_word' id='word_1_23' title='bbox 498 242 552 272; x_wconf 66' lang='lat' dir='ltr'><strong>est</strong></span> <span class='ocrx_word' id='word_1_24' title='bbox 569 235 697 284; x_wconf 87' lang='lat' dir='ltr'><strong>copiae.</strong></span> <span class='ocrx_word' id='word_1_25' title='bbox 1290 232 1343 270; x_wconf 83' lang='lat'><strong>30</strong></span> 
     </span>
     <span class='ocr_line' id='line_1_5' title="bbox 246 285 1350 348; baseline -0.004 -22"><span class='ocrx_word' id='word_1_26' title='bbox 246 289 377 326; x_wconf 76' lang='lat' dir='ltr'><strong>Demi.</strong></span> <span class='ocrx_word' id='word_1_27' title='bbox 406 287 577 348; x_wconf 63' lang='grc' dir='ltr'><strong>ο811111&gt;11εἰ</strong></span> <span class='ocrx_word' id='word_1_28' title='bbox 596 287 666 325; x_wconf 89' lang='lat' dir='ltr'><strong>sibi</strong></span> <span class='ocrx_word' id='word_1_29' title='bbox 684 294 824 334; x_wconf 89' lang='lat' dir='ltr'><strong>sumat,</strong></span> <span class='ocrx_word' id='word_1_30' title='bbox 844 285 937 337; x_wconf 87' lang='lat' dir='ltr'><strong>quid</strong></span> <span class='ocrx_word' id='word_1_31' title='bbox 962 286 1041 325; x_wconf 91' lang='lat' dir='ltr'><strong>volt</strong></span> <span class='ocrx_word' id='word_1_32' title='bbox 1061 287 1155 338; x_wconf 81' lang='lat' dir='ltr'><strong>ipse,</strong></span> <span class='ocrx_word' id='word_1_33' title='bbox 1179 288 1228 324; x_wconf 93' lang='lat' dir='ltr'><strong>ob</strong></span> <span class='ocrx_word' id='word_1_34' title='bbox 1251 285 1350 323; x_wconf 82' lang='lat' dir='ltr'><strong>hanc</strong></span> 
     </span>
     <span class='ocr_line' id='line_1_6' title="bbox 407 351 610 389; baseline 0.01 -13"><span class='ocrx_word' id='word_1_35' title='bbox 407 351 610 389; x_wconf 79' lang='lat' dir='ltr'><strong>mJunam3</strong></span> 
     </span>
    </p>
   </div>
   <div class='ocr_carea' id='block_1_4' title="bbox 249 391 1363 709">
    <p class='ocr_par' dir='ltr' id='par_1_4' title="bbox 250 391 1317 443">
     <span class='ocr_line' id='line_1_7' title="bbox 250 391 1317 443; baseline -0.003 -12"><span class='ocrx_word' id='word_1_36' title='bbox 250 393 372 431; x_wconf 92' lang='lat' dir='ltr'><strong>Modo</strong></span> <span class='ocrx_word' id='word_1_37' title='bbox 384 405 515 443; x_wconf 82' lang='lat' dir='ltr'>pacem</span> <span class='ocrx_word' id='word_1_38' title='bbox 532 393 689 439; x_wconf 85' lang='lat' dir='ltr'><strong>faciatis,</strong></span> <span class='ocrx_word' id='word_1_39' title='bbox 709 393 844 430; x_wconf 89' lang='lat' dir='ltr'><strong>misero</strong></span> <span class='ocrx_word' id='word_1_40' title='bbox 863 399 906 429; x_wconf 89' lang='lat' dir='ltr'><strong>ut</strong></span> <span class='ocrx_word' id='word_1_41' title='bbox 924 405 972 430; x_wconf 90' lang='lat' dir='ltr'><strong>ne</strong></span> <span class='ocrx_word' id='word_1_42' title='bbox 988 392 1084 430; x_wconf 91' lang='lat' dir='ltr'><strong>mihi</strong></span> <span class='ocrx_word' id='word_1_43' title='bbox 1100 391 1219 429; x_wconf 86' lang='lat' dir='ltr'><strong>iratus</strong></span> <span class='ocrx_word' id='word_1_44' title='bbox 1237 391 1317 429; x_wconf 69' lang='lat' dir='ltr'><strong>siet.</strong></span> 
     </span>
    </p>

    <p class='ocr_par' dir='ltr' id='par_1_5' title="bbox 250 443 1352 494">
     <span class='ocr_line' id='line_1_8' title="bbox 250 443 1352 494; baseline -0.004 -9"><span class='ocrx_word' id='word_1_45' title='bbox 250 447 291 485; x_wconf 89' lang='lat' dir='ltr'><strong>Si</strong></span> <span class='ocrx_word' id='word_1_46' title='bbox 316 446 483 494; x_wconf 89' lang='lat' dir='ltr'><strong>(hercle)</strong></span> <span class='ocrx_word' id='word_1_47' title='bbox 501 447 703 491; x_wconf 82' lang='lat' dir='ltr'><strong>scivissem,</strong></span> <span class='ocrx_word' id='word_1_48' title='bbox 724 446 800 483; x_wconf 82' lang='lat' dir='ltr'><strong>sive</strong></span> <span class='ocrx_word' id='word_1_49' title='bbox 818 445 910 482; x_wconf 89' lang='lat' dir='ltr'><strong>adeo</strong></span> <span class='ocrx_word' id='word_1_50' title='bbox 924 445 1052 494; x_wconf 88' lang='lat' dir='ltr'><strong>joculo</strong></span> <span class='ocrx_word' id='word_1_51' title='bbox 1069 444 1225 482; x_wconf 80' lang='lat' dir='ltr'><strong>dixisset</strong></span> <span class='ocrx_word' id='word_1_52' title='bbox 1241 443 1352 490; x_wconf 85' lang='lat' dir='ltr'><strong>mihi,</strong></span> 
     </span>
    </p>

    <p class='ocr_par' dir='ltr' id='par_1_6' title="bbox 251 496 1354 590">
     <span class='ocr_line' id='line_1_9' title="bbox 251 496 1354 550; baseline -0.005 -11"><span class='ocrx_word' id='word_1_53' title='bbox 251 500 300 539; x_wconf 91' lang='lat' dir='ltr'><strong>Se</strong></span> <span class='ocrx_word' id='word_1_54' title='bbox 316 499 422 536; x_wconf 76' lang='lat' dir='ltr'><strong>issam</strong></span> <span class='ocrx_word' id='word_1_55' title='bbox 442 512 580 547; x_wconf 85' lang='lat' dir='ltr'><strong>amare,</strong></span> <span class='ocrx_word' id='word_1_56' title='bbox 600 511 799 550; x_wconf 81' lang='lat' dir='ltr'><strong>nunquam</strong></span> <span class='ocrx_word' id='word_1_57' title='bbox 822 498 997 545; x_wconf 85' lang='lat' dir='ltr'><strong>facerem,</strong></span> <span class='ocrx_word' id='word_1_58' title='bbox 1024 507 1067 536; x_wconf 91' lang='lat' dir='ltr'><strong>ut</strong></span> <span class='ocrx_word' id='word_1_59' title='bbox 1083 497 1190 535; x_wconf 80' lang='lat' dir='ltr'><strong>illam</strong></span> <span class='ocrx_word' id='word_1_60' title='bbox 1208 496 1354 535; x_wconf 81' lang='lat' dir='ltr'><strong>amanti</strong></span> 
     </span>
     <span class='ocr_line' id='line_1_10' title="bbox 410 552 645 590; baseline 0.004 -1"><span class='ocrx_word' id='word_1_61' title='bbox 410 552 645 590; x_wconf 89' lang='lat' dir='ltr'><strong>abducerem.</strong></span> 
     </span>
    </p>

    <p class='ocr_par' dir='ltr' id='par_1_7' title="bbox 249 602 1356 656">
     <span class='ocr_line' id='line_1_11' title="bbox 249 602 1356 656; baseline -0.003 -13"><span class='ocrx_word' id='word_1_62' title='bbox 249 604 439 656; x_wconf 80' lang='lat' dir='ltr'><strong>Eutyche,</strong></span> <span class='ocrx_word' id='word_1_63' title='bbox 460 605 522 643; x_wconf 90' lang='lat' dir='ltr'><strong>ted</strong></span> <span class='ocrx_word' id='word_1_64' title='bbox 541 618 618 653; x_wconf 87' lang='lat' dir='ltr'><strong>oro,</strong></span> <span class='ocrx_word' id='word_1_65' title='bbox 642 605 796 655; x_wconf 86' lang='lat' dir='ltr'><strong>(sodalis</strong></span> <span class='ocrx_word' id='word_1_66' title='bbox 816 606 897 653; x_wconf 89' lang='lat' dir='ltr'><strong>ejus</strong></span> <span class='ocrx_word' id='word_1_67' title='bbox 917 603 973 653; x_wconf 71' lang='lat' dir='ltr'><strong>es)</strong></span> <span class='ocrx_word' id='word_1_68' title='bbox 994 617 1111 650; x_wconf 83' lang='lat' dir='ltr'><strong>serva,</strong></span> <span class='ocrx_word' id='word_1_69' title='bbox 1132 611 1168 641; x_wconf 88' lang='lat' dir='ltr'><strong>et</strong></span> <span class='ocrx_word' id='word_1_70' title='bbox 1185 602 1356 641; x_wconf 85' lang='lat' dir='ltr'><strong>subveni.</strong></span> 
     </span>
    </p>

    <p class='ocr_par' dir='ltr' id='par_1_8' title="bbox 253 655 1363 709">
     <span class='ocr_line' id='line_1_12' title="bbox 253 655 1363 709; baseline -0.002 -13"><span class='ocrx_word' id='word_1_71' title='bbox 253 659 371 697; x_wconf 84' lang='lat' dir='ltr'><strong>Hune</strong></span> <span class='ocrx_word' id='word_1_72' title='bbox 389 670 514 696; x_wconf 89' lang='lat' dir='ltr'><strong>senem</strong></span> <span class='ocrx_word' id='word_1_73' title='bbox 533 671 624 709; x_wconf 87' lang='lat' dir='ltr'><strong>para</strong></span> <span class='ocrx_word' id='word_1_74' title='bbox 641 671 703 696; x_wconf 90' lang='lat' dir='ltr'><strong>me</strong></span> <span class='ocrx_word' id='word_1_75' title='bbox 721 658 919 696; x_wconf 88' lang='lat' dir='ltr'><strong>clientem.</strong></span> <span class='ocrx_word' id='word_1_76' title='bbox 948 669 1156 695; x_wconf 87' lang='lat' dir='ltr'>memorem</span> <span class='ocrx_word' id='word_1_77' title='bbox 1175 655 1273 694; x_wconf 80' lang='lat' dir='ltr'><strong>dices</strong></span> <span class='ocrx_word' id='word_1_78' title='bbox 1291 656 1363 693; x_wconf 87' lang='lat' dir='ltr'><strong>be-</strong></span> 
     </span>
    </p>
   </div>
   <div class='ocr_carea' id='block_1_5' title="bbox 256 709 1358 856">
    <p class='ocr_par' dir='ltr' id='par_1_9' title="bbox 256 709 1358 856">
     <span class='ocr_line' id='line_1_13' title="bbox 256 709 1358 825; baseline -0.003 -22"><span class='ocrx_word' id='word_1_79' title='bbox 256 711 534 825; x_wconf 56' lang='grc' dir='ltr'><strong>Ζῃηηι.ῐ3ῗξ,ι</strong></span> <span class='ocrx_word' id='word_1_80' title='bbox 527 773 571 802; x_wconf 92' lang='lat' dir='ltr'><strong>ut</strong></span> <span class='ocrx_word' id='word_1_81' title='bbox 582 765 749 816; x_wconf 81' lang='lat' dir='ltr'><strong>ignoscat</strong></span> <span class='ocrx_word' id='word_1_82' title='bbox 762 764 907 802; x_wconf 90' lang='lat' dir='ltr'><strong>delictis</strong></span> <span class='ocrx_word' id='word_1_83' title='bbox 922 763 1007 813; x_wconf 91' lang='lat' dir='ltr'><strong>[huj</strong></span> <span class='ocrx_word' id='word_1_84' title='bbox 1013 765 1075 815; x_wconf 91' lang='lat' dir='ltr'><strong>us]</strong></span> <span class='ocrx_word' id='word_1_85' title='bbox 1089 771 1203 814; x_wconf 86' lang='lat' dir='ltr'><strong>atque</strong></span> <span class='ocrx_word' id='word_1_86' title='bbox 1214 709 1358 800; x_wconf 46' lang='lat' dir='ltr'><strong>adolfi?-</strong></span> 
     </span>
     <span class='ocr_line' id='line_1_14' title="bbox 411 825 551 856; baseline 0.014 -2"><span class='ocrx_word' id='word_1_87' title='bbox 411 825 551 856; x_wconf 77' lang='lat' dir='ltr'><strong>centiae.</strong></span> 
     </span>
    </p>
   </div>
   <div class='ocr_carea' id='block_1_6' title="bbox 254 867 1366 1821">
    <p class='ocr_par' dir='ltr' id='par_1_10' title="bbox 254 867 1366 1821">
     <span class='ocr_line' id='line_1_15' title="bbox 254 867 1357 921; baseline -0.004 -12"><span class='ocrx_word' id='word_1_88' title='bbox 254 872 387 909; x_wconf 81' lang='lat' dir='ltr'><strong>Demi.</strong></span> <span class='ocrx_word' id='word_1_89' title='bbox 416 870 583 921; x_wconf 80' lang='lat' dir='ltr'><strong>Pergi&#39;n&#39;</strong></span> <span class='ocrx_word' id='word_1_90' title='bbox 603 878 645 908; x_wconf 89' lang='lat' dir='ltr'><strong>tu</strong></span> <span class='ocrx_word' id='word_1_91' title='bbox 664 878 789 908; x_wconf 85' lang='lat' dir='ltr'><strong>autem</strong></span> <span class='ocrx_word' id='word_1_92' title='bbox 805 873 822 908; x_wconf 78' lang='lat'><strong>,⁹</strong></span> <span class='ocrx_word' id='word_1_93' title='bbox 851 870 948 908; x_wconf 88' lang='lat' dir='ltr'><strong>Eia!</strong></span> <span class='ocrx_word' id='word_1_94' title='bbox 980 871 1138 921; x_wconf 89' lang='lat' dir='ltr'><strong>superbe</strong></span> <span class='ocrx_word' id='word_1_95' title='bbox 1155 867 1330 906; x_wconf 85' lang='lat' dir='ltr'><strong>invehere</strong></span> <span class='ocrx_word' id='word_1_96' title='bbox 1346 868 1357 905; x_wconf 72' lang='grc' dir='ltr'>ἔ</span> 
     </span>
     <span class='ocr_line' id='line_1_16' title="bbox 414 923 902 974; baseline 0 -14"><span class='ocrx_word' id='word_1_97' title='bbox 414 924 530 973; x_wconf 90' lang='lat' dir='ltr'><strong>Spero</strong></span> <span class='ocrx_word' id='word_1_98' title='bbox 550 936 618 974; x_wconf 81' lang='lat' dir='ltr'><strong>ego</strong></span> <span class='ocrx_word' id='word_1_99' title='bbox 635 923 731 960; x_wconf 91' lang='lat' dir='ltr'><strong>mihi</strong></span> <span class='ocrx_word' id='word_1_100' title='bbox 750 936 902 974; x_wconf 87' lang='lat' dir='ltr'><strong>quoque</strong></span> 
     </span>
     <span class='ocr_line' id='line_1_17' title="bbox 256 974 1360 1027; baseline -0.003 -11"><span class='ocrx_word' id='word_1_101' title='bbox 256 977 430 1027; x_wconf 88' lang='lat' dir='ltr'><strong>Tempus</strong></span> <span class='ocrx_word' id='word_1_102' title='bbox 462 977 537 1014; x_wconf 76' lang='lat' dir='ltr'><strong>tale</strong></span> <span class='ocrx_word' id='word_1_103' title='bbox 569 983 805 1024; x_wconf 75' lang='lat' dir='ltr'><strong>eventurum,</strong></span> <span class='ocrx_word' id='word_1_104' title='bbox 843 983 887 1013; x_wconf 93' lang='lat' dir='ltr'><strong>ut</strong></span> <span class='ocrx_word' id='word_1_105' title='bbox 915 976 985 1014; x_wconf 87' lang='lat' dir='ltr'><strong>tibi</strong></span> <span class='ocrx_word' id='word_1_106' title='bbox 1012 975 1173 1026; x_wconf 75' lang='lat' dir='ltr'><strong>gratiam</strong></span> <span class='ocrx_word' id='word_1_107' title='bbox 1201 974 1360 1015; x_wconf 81' lang='lat' dir='ltr'><strong>referam</strong></span> 
     </span>
     <span class='ocr_line' id='line_1_18' title="bbox 412 1041 554 1079; baseline -0.007 -13"><span class='ocrx_word' id='word_1_108' title='bbox 412 1041 554 1079; x_wconf 86' lang='lat' dir='ltr'><strong>parem.</strong></span> 
     </span>
     <span class='ocr_line' id='line_1_19' title="bbox 256 1082 1097 1132; baseline -0.001 -11"><span class='ocrx_word' id='word_1_109' title='bbox 256 1084 408 1132; x_wconf 78' lang='lat' dir='ltr'><strong>Lysim.</strong></span> <span class='ocrx_word' id='word_1_110' title='bbox 436 1082 577 1120; x_wconf 85' lang='lat' dir='ltr'><strong>Missas</strong></span> <span class='ocrx_word' id='word_1_111' title='bbox 589 1083 670 1131; x_wconf 89' lang='lat' dir='ltr'><strong>jam</strong></span> <span class='ocrx_word' id='word_1_112' title='bbox 689 1093 757 1132; x_wconf 90' lang='lat' dir='ltr'><strong>ego</strong></span> <span class='ocrx_word' id='word_1_113' title='bbox 774 1082 866 1120; x_wconf 86' lang='lat' dir='ltr'><strong>istas</strong></span> <span class='ocrx_word' id='word_1_114' title='bbox 884 1082 993 1120; x_wconf 87' lang='lat' dir='ltr'><strong>arteis</strong></span> <span class='ocrx_word' id='word_1_115' title='bbox 1011 1082 1097 1121; x_wconf 85' lang='lat' dir='ltr'><strong>feei.</strong></span> 
     </span>
     <span class='ocr_line' id='line_1_20' title="bbox 467 1134 1198 1186; baseline -0.003 -13"><span class='ocrx_word' id='word_1_116' title='bbox 467 1138 599 1173; x_wconf 82' lang='lat' dir='ltr'><strong>Demi.</strong></span> <span class='ocrx_word' id='word_1_117' title='bbox 627 1134 681 1172; x_wconf 88' lang='lat' dir='ltr'><strong>Et</strong></span> <span class='ocrx_word' id='word_1_118' title='bbox 698 1134 852 1186; x_wconf 90' lang='lat' dir='ltr'><strong>quidem</strong></span> <span class='ocrx_word' id='word_1_119' title='bbox 867 1147 937 1185; x_wconf 90' lang='lat' dir='ltr'><strong>ego</strong></span> <span class='ocrx_word' id='word_1_120' title='bbox 954 1135 1090 1173; x_wconf 80' lang='lat' dir='ltr'><strong>dehinc</strong></span> <span class='ocrx_word' id='word_1_121' title='bbox 1103 1135 1198 1184; x_wconf 84' lang='lat' dir='ltr'><strong>jam.</strong></span> 
     </span>
     <span class='ocr_line' id='line_1_21' title="bbox 956 1188 1360 1237; baseline 0.002 -11"><span class='ocrx_word' id='word_1_122' title='bbox 956 1190 1109 1237; x_wconf 78' lang='lat' dir='ltr'><strong>Lysim.</strong></span> <span class='ocrx_word' id='word_1_123' title='bbox 1137 1188 1275 1226; x_wconf 91' lang='lat' dir='ltr'><strong>Nihil!</strong></span> <span class='ocrx_word' id='word_1_124' title='bbox 1306 1189 1360 1227; x_wconf 91' lang='grc'><strong>40</strong></span> 
     </span>
     <span class='ocr_line' id='line_1_22' title="bbox 258 1240 1185 1281; baseline -0.001 -1"><span class='ocrx_word' id='word_1_125' title='bbox 258 1240 541 1281; x_wconf 89' lang='lat' dir='ltr'><strong>Consuetudine</strong></span> <span class='ocrx_word' id='word_1_126' title='bbox 559 1241 708 1279; x_wconf 87' lang='lat' dir='ltr'><strong>animus</strong></span> <span class='ocrx_word' id='word_1_127' title='bbox 726 1254 854 1279; x_wconf 88' lang='lat' dir='ltr'><strong>rursus</strong></span> <span class='ocrx_word' id='word_1_128' title='bbox 872 1249 909 1279; x_wconf 90' lang='lat' dir='ltr'><strong>te</strong></span> <span class='ocrx_word' id='word_1_129' title='bbox 926 1241 1002 1279; x_wconf 91' lang='lat' dir='ltr'><strong>huc</strong></span> <span class='ocrx_word' id='word_1_130' title='bbox 1019 1241 1185 1279; x_wconf 85' lang='lat' dir='ltr'><strong>inducet.</strong></span> 
     </span>
     <span class='ocr_line' id='line_1_23' title="bbox 1014 1294 1360 1341; baseline 0.003 -9"><span class='ocrx_word' id='word_1_131' title='bbox 1014 1297 1147 1332; x_wconf 82' lang='lat' dir='ltr'><strong>Demi.</strong></span> <span class='ocrx_word' id='word_1_132' title='bbox 1177 1294 1360 1341; x_wconf 86' lang='lat' dir='ltr'><strong>Obsecro,</strong></span> 
     </span>
     <span class='ocr_line' id='line_1_24' title="bbox 255 1347 1364 1397; baseline -0.002 -9"><span class='ocrx_word' id='word_1_133' title='bbox 255 1349 354 1388; x_wconf 83' lang='lat' dir='ltr'><strong>Satis</strong></span> <span class='ocrx_word' id='word_1_134' title='bbox 376 1349 457 1397; x_wconf 87' lang='lat' dir='ltr'><strong>jam</strong></span> <span class='ocrx_word' id='word_1_135' title='bbox 483 1355 527 1384; x_wconf 91' lang='lat' dir='ltr'><strong>ut</strong></span> <span class='ocrx_word' id='word_1_136' title='bbox 551 1348 733 1386; x_wconf 81' lang='lat' dir='ltr'><strong>habeatis·</strong></span> <span class='ocrx_word' id='word_1_137' title='bbox 778 1348 885 1395; x_wconf 89' lang='lat' dir='ltr'><strong>Quin</strong></span> <span class='ocrx_word' id='word_1_138' title='bbox 913 1347 1002 1385; x_wconf 88' lang='lat' dir='ltr'><strong>loris</strong></span> <span class='ocrx_word' id='word_1_139' title='bbox 1027 1347 1156 1385; x_wconf 79' lang='lat' dir='ltr'><strong>caedite</strong></span> <span class='ocrx_word' id='word_1_140' title='bbox 1178 1348 1306 1396; x_wconf 82' lang='lat' dir='ltr'><strong>etiam,</strong></span> <span class='ocrx_word' id='word_1_141' title='bbox 1332 1348 1364 1386; x_wconf 88' lang='lat' dir='ltr'><strong>si</strong></span> 
     </span>
     <span class='ocr_line' id='line_1_25' title="bbox 411 1401 530 1438; baseline 0.008 -1"><span class='ocrx_word' id='word_1_142' title='bbox 411 1401 530 1438; x_wconf 82' lang='lat' dir='ltr'><strong>lubet.</strong></span> 
     </span>
     <span class='ocr_line' id='line_1_26' title="bbox 258 1452 1366 1504; baseline 0.002 -13"><span class='ocrx_word' id='word_1_143' title='bbox 258 1456 292 1492; x_wconf 83' lang='grc' dir='ltr'><strong>Ι,</strong></span> <span class='ocrx_word' id='word_1_144' title='bbox 295 1456 409 1504; x_wconf 75' lang='lat' dir='ltr'><strong>ysinz</strong></span> <span class='ocrx_word' id='word_1_145' title='bbox 438 1453 555 1490; x_wconf 85' lang='lat' dir='ltr'><strong>Recte</strong></span> <span class='ocrx_word' id='word_1_146' title='bbox 566 1452 671 1491; x_wconf 88' lang='lat' dir='ltr'><strong>dicis.</strong></span> <span class='ocrx_word' id='word_1_147' title='bbox 709 1453 784 1491; x_wconf 86' lang='lat' dir='ltr'><strong>Sed</strong></span> <span class='ocrx_word' id='word_1_148' title='bbox 797 1453 894 1491; x_wconf 90' lang='lat' dir='ltr'><strong>istuc</strong></span> <span class='ocrx_word' id='word_1_149' title='bbox 907 1465 1005 1491; x_wconf 84' lang='lat' dir='ltr'><strong>uxor</strong></span> <span class='ocrx_word' id='word_1_150' title='bbox 1021 1452 1145 1501; x_wconf 80' lang='lat' dir='ltr'><strong>faciet,</strong></span> <span class='ocrx_word' id='word_1_151' title='bbox 1161 1466 1278 1504; x_wconf 91' lang='lat' dir='ltr'><strong>quom</strong></span> <span class='ocrx_word' id='word_1_152' title='bbox 1292 1454 1366 1493; x_wconf 90' lang='lat' dir='ltr'><strong>hoc</strong></span> 
     </span>
     <span class='ocr_line' id='line_1_27' title="bbox 415 1505 618 1543; baseline -0.005 0"><span class='ocrx_word' id='word_1_153' title='bbox 415 1505 618 1543; x_wconf 87' lang='lat' dir='ltr'><strong>resciverit.</strong></span> 
     </span>
     <span class='ocr_line' id='line_1_28' title="bbox 259 1558 868 1608; baseline 0 -11"><span class='ocrx_word' id='word_1_154' title='bbox 259 1561 390 1597; x_wconf 73' lang='lat' dir='ltr'><strong>Demi..</strong></span> <span class='ocrx_word' id='word_1_155' title='bbox 414 1559 526 1595; x_wconf 89' lang='lat' dir='ltr'><strong>Nihil</strong></span> <span class='ocrx_word' id='word_1_156' title='bbox 543 1570 618 1608; x_wconf 88' lang='lat' dir='ltr'><strong>opu</strong></span> <span class='ocrx_word' id='word_1_157' title='bbox 621 1559 668 1596; x_wconf 88' lang='lat' dir='ltr'><strong>&#39;st</strong></span> <span class='ocrx_word' id='word_1_158' title='bbox 685 1558 868 1597; x_wconf 79' lang='lat' dir='ltr'><strong>resciscat.</strong></span> 
     </span>
     <span class='ocr_line' id='line_1_29' title="bbox 451 1601 1363 1659; baseline 0.004 -11"><span class='ocrx_word' id='word_1_159' title='bbox 451 1613 546 1649; x_wconf 83' lang='lat' dir='ltr'><strong>Eut.</strong></span> <span class='ocrx_word' id='word_1_160' title='bbox 579 1610 714 1659; x_wconf 85' lang='lat' dir='ltr'><strong>Quid</strong></span> <span class='ocrx_word' id='word_1_161' title='bbox 703 1614 830 1650; x_wconf 76' lang='lat' dir='ltr'><strong>istuc?</strong></span> <span class='ocrx_word' id='word_1_162' title='bbox 860 1612 952 1649; x_wconf 90' lang='lat' dir='ltr'><strong>Non</strong></span> <span class='ocrx_word' id='word_1_163' title='bbox 970 1613 1163 1651; x_wconf 87' lang='lat' dir='ltr'><strong>resciscet·</strong></span> <span class='ocrx_word' id='word_1_164' title='bbox 1193 1624 1241 1651; x_wconf 92' lang='lat' dir='ltr'><strong>ne</strong></span> <span class='ocrx_word' id='word_1_165' title='bbox 1258 1601 1363 1652; x_wconf 75' lang='lat' dir='ltr'><strong>nme.</strong></span> 
     </span>
     <span class='ocr_line' id='line_1_30' title="bbox 256 1664 1363 1712; baseline 0.001 -9"><span class='ocrx_word' id='word_1_166' title='bbox 256 1665 403 1703; x_wconf 84' lang='lat' dir='ltr'><strong>Eamus</strong></span> <span class='ocrx_word' id='word_1_167' title='bbox 420 1665 543 1702; x_wconf 86' lang='lat' dir='ltr'><strong>intro.</strong></span> <span class='ocrx_word' id='word_1_168' title='bbox 573 1676 650 1702; x_wconf 90' lang='lat' dir='ltr'><strong>non</strong></span> <span class='ocrx_word' id='word_1_169' title='bbox 668 1664 811 1702; x_wconf 84' lang='lat' dir='ltr'><strong>utibilis</strong></span> <span class='ocrx_word' id='word_1_170' title='bbox 829 1664 891 1702; x_wconf 90' lang='lat' dir='ltr'><strong>hic</strong></span> <span class='ocrx_word' id='word_1_171' title='bbox 907 1665 1024 1712; x_wconf 91' lang='lat' dir='ltr'><strong>locus,</strong></span> <span class='ocrx_word' id='word_1_172' title='bbox 1043 1665 1151 1704; x_wconf 85' lang='lat' dir='ltr'><strong>factis</strong></span> <span class='ocrx_word' id='word_1_173' title='bbox 1170 1666 1245 1703; x_wconf 89' lang='lat' dir='ltr'><strong>tuis</strong></span> <span class='ocrx_word' id='word_1_174' title='bbox 1310 1668 1363 1704; x_wconf 79' lang='lat'><strong>45</strong></span> 
     </span>
     <span class='ocr_line' id='line_1_31' title="bbox 258 1717 1364 1770; baseline 0.001 -14"><span class='ocrx_word' id='word_1_175' title='bbox 258 1718 388 1770; x_wconf 90' lang='lat' dir='ltr'><strong>(Dum</strong></span> <span class='ocrx_word' id='word_1_176' title='bbox 418 1717 693 1767; x_wconf 85' lang='lat' dir='ltr'><strong>memoramus)</strong></span> <span class='ocrx_word' id='word_1_177' title='bbox 715 1717 845 1757; x_wconf 82' lang='lat' dir='ltr'><strong>arbitri</strong></span> <span class='ocrx_word' id='word_1_178' title='bbox 871 1725 916 1756; x_wconf 85' lang='lat' dir='ltr'><strong>ut</strong></span> <span class='ocrx_word' id='word_1_179' title='bbox 933 1718 1021 1766; x_wconf 87' lang='lat' dir='ltr'><strong>sint,</strong></span> <span class='ocrx_word' id='word_1_180' title='bbox 1046 1719 1114 1770; x_wconf 92' lang='lat' dir='ltr'><strong>qui</strong></span> <span class='ocrx_word' id='word_1_181' title='bbox 1139 1726 1364 1770; x_wconf 84' lang='lat' dir='ltr'><strong>praetereant</strong></span> 
     </span>
     <span class='ocr_line' id='line_1_32' title="bbox 413 1783 588 1821; baseline 0.011 -14"><span class='ocrx_word' id='word_1_182' title='bbox 413 1783 481 1821; x_wconf 86' lang='lat' dir='ltr'><strong>per</strong></span> <span class='ocrx_word' id='word_1_183' title='bbox 498 1783 588 1809; x_wconf 75' lang='lat' dir='ltr'><strong>vias.</strong></span> 
     </span>
    </p>
   </div>
   <div class='ocr_carea' id='block_1_7' title="bbox 256 1823 1363 1969">
    <p class='ocr_par' dir='ltr' id='par_1_11' title="bbox 256 1823 1363 1969">
     <span class='ocr_line' id='line_1_33' title="bbox 256 1823 1363 1875; baseline 0.001 -12"><span class='ocrx_word' id='word_1_184' title='bbox 256 1825 389 1863; x_wconf 77' lang='lat' dir='ltr'><strong>Demi.</strong></span> <span class='ocrx_word' id='word_1_185' title='bbox 418 1823 572 1869; x_wconf 80' lang='lat' dir='ltr'><strong>Hercle,</strong></span> <span class='ocrx_word' id='word_1_186' title='bbox 598 1824 691 1875; x_wconf 87' lang='lat' dir='ltr'><strong>quin</strong></span> <span class='ocrx_word' id='word_1_187' title='bbox 719 1831 761 1861; x_wconf 86' lang='lat' dir='ltr'><strong>tu</strong></span> <span class='ocrx_word' id='word_1_188' title='bbox 790 1831 886 1862; x_wconf 86' lang='lat' dir='ltr'><strong>recte</strong></span> <span class='ocrx_word' id='word_1_189' title='bbox 910 1825 1026 1863; x_wconf 86' lang='lat' dir='ltr'><strong>dicis:</strong></span> <span class='ocrx_word' id='word_1_190' title='bbox 1056 1824 1189 1863; x_wconf 57' lang='lat' dir='ltr'><strong>eadem</strong></span> <span class='ocrx_word' id='word_1_191' title='bbox 1216 1825 1363 1864; x_wconf 86' lang='lat' dir='ltr'><strong>brevior</strong></span> 
     </span>
     <span class='ocr_line' id='line_1_34' title="bbox 259 1876 556 1969; baseline -0.007 0"><span class='ocrx_word' id='word_1_192' title='bbox 259 1930 358 1969; x_wconf 85' lang='lat' dir='ltr'><strong>Erit.</strong></span> <span class='ocrx_word' id='word_1_193' title='bbox 396 1876 556 1968; x_wconf 42' lang='lat' dir='ltr'><strong>{313¹ss-</strong></span> 
     </span>
    </p>
   </div>
   <div class='ocr_carea' id='block_1_8' title="bbox 519 1983 1362 2037">
    <p class='ocr_par' dir='ltr' id='par_1_12' title="bbox 519 1983 1362 2037">
     <span class='ocr_line' id='line_1_35' title="bbox 519 1983 1362 2037; baseline 0.006 -17"><span class='ocrx_word' id='word_1_194' title='bbox 519 1985 614 2020; x_wconf 85' lang='lat' dir='ltr'><strong>Eut.</strong></span> <span class='ocrx_word' id='word_1_195' title='bbox 644 1983 724 2022; x_wconf 86' lang='lat' dir='ltr'><strong>Hic</strong></span> <span class='ocrx_word' id='word_1_196' title='bbox 744 1993 799 2022; x_wconf 88' lang='lat' dir='ltr'><strong>est</strong></span> <span class='ocrx_word' id='word_1_197' title='bbox 815 1985 918 2024; x_wconf 80' lang='lat' dir='ltr'><strong>intus</strong></span> <span class='ocrx_word' id='word_1_198' title='bbox 937 1985 1038 2024; x_wconf 85' lang='lat' dir='ltr'><strong>filius</strong></span> <span class='ocrx_word' id='word_1_199' title='bbox 1055 1985 1158 2037; x_wconf 85' lang='lat' dir='ltr'><strong>apud</strong></span> <span class='ocrx_word' id='word_1_200' title='bbox 1175 1997 1244 2024; x_wconf 88' lang='lat' dir='ltr'><strong>nos</strong></span> <span class='ocrx_word' id='word_1_201' title='bbox 1259 1991 1362 2025; x_wconf 87' lang='lat' dir='ltr'><strong>tuus.</strong></span> 
     </span>
    </p>
   </div>
   <div class='ocr_carea' id='block_1_9' title="bbox 260 2034 1370 2128">
    <p class='ocr_par' dir='ltr' id='par_1_13' title="bbox 260 2034 1370 2128">
     <span class='ocr_line' id='line_1_36' title="bbox 260 2034 1370 2090; baseline 0.002 -16"><span class='ocrx_word' id='word_1_202' title='bbox 260 2038 390 2076; x_wconf 83' lang='lat' dir='ltr'><strong>Demi.</strong></span> <span class='ocrx_word' id='word_1_203' title='bbox 429 2034 625 2087; x_wconf 86' lang='lat' dir='ltr'><strong>Optume’</strong></span> <span class='ocrx_word' id='word_1_204' title='bbox 627 2044 674 2074; x_wconf 87' lang='lat' dir='ltr'><strong>st.</strong></span> <span class='ocrx_word' id='word_1_205' title='bbox 724 2037 819 2078; x_wconf 78' lang='lat' dir='ltr'><strong>Illac</strong></span> <span class='ocrx_word' id='word_1_206' title='bbox 846 2052 913 2090; x_wconf 87' lang='lat' dir='ltr'><strong>per</strong></span> <span class='ocrx_word' id='word_1_207' title='bbox 933 2038 1088 2079; x_wconf 80' lang='lat' dir='ltr'><strong>hortum</strong></span> <span class='ocrx_word' id='word_1_208' title='bbox 1113 2050 1181 2078; x_wconf 90' lang='lat' dir='ltr'><strong>nos</strong></span> <span class='ocrx_word' id='word_1_209' title='bbox 1203 2037 1370 2082; x_wconf 73' lang='lat' dir='ltr'><strong>domum</strong></span> 
     </span>
     <span class='ocr_line' id='line_1_37' title="bbox 417 2088 672 2128; baseline 0.008 -2"><span class='ocrx_word' id='word_1_210' title='bbox 417 2088 672 2128; x_wconf 87' lang='lat' dir='ltr'><strong>transibimus.</strong></span> 
     </span>
    </p>
   </div>
  </div>
 </body>
</html>
