<?xml version="1.0" encoding="UTF-8"?>
<!DOCTYPE html PUBLIC "-//W3C//DTD XHTML 1.0 Transitional//EN"
    "http://www.w3.org/TR/xhtml1/DTD/xhtml1-transitional.dtd">
<html xmlns="http://www.w3.org/1999/xhtml" xml:lang="en" lang="en">
 <head>
  <title>
</title>
<meta http-equiv="Content-Type" content="text/html;charset=utf-8" />
  <meta name='ocr-system' content='tesseract 3.04.00' />
  <meta name='ocr-capabilities' content='ocr_page ocr_carea ocr_par ocr_line ocrx_word'/>
</head>
<body>
  <div class='ocr_page' id='page_1' title='image "./comoediaesupers02plauuoft_0368.png"; bbox 0 0 1435 2400; ppageno 0'>
   <div class='ocr_carea' id='block_1_1' title="bbox 237 96 971 136">
    <p class='ocr_par' dir='ltr' id='par_1_1' title="bbox 237 96 971 136">
     <span class='ocr_line' id='line_1_1' title="bbox 237 96 971 136; baseline -0.001 -1"><span class='ocrx_word' id='word_1_1' title='bbox 237 96 317 135; x_wconf 82' lang='lat'>360</span> <span class='ocrx_word' id='word_1_2' title='bbox 627 97 822 136; x_wconf 87' lang='lat' dir='ltr'>PERSA.</span> <span class='ocrx_word' id='word_1_3' title='bbox 852 97 906 136; x_wconf 88' lang='lat' dir='ltr'>V.</span> <span class='ocrx_word' id='word_1_4' title='bbox 934 98 971 134; x_wconf 85' lang='lat'>2.</span> 
     </span>
    </p>
   </div>
   <div class='ocr_carea' id='block_1_2' title="bbox 238 201 1360 2230">
    <p class='ocr_par' dir='ltr' id='par_1_2' title="bbox 238 201 1360 2230">
     <span class='ocr_line' id='line_1_2' title="bbox 239 201 1351 254; baseline -0.001 -13"><span class='ocrx_word' id='word_1_5' title='bbox 239 203 367 242; x_wconf 74' lang='lat' dir='ltr'>Dord.</span> <span class='ocrx_word' id='word_1_6' title='bbox 392 202 486 242; x_wconf 85' lang='lat' dir='ltr'>Jam</span> <span class='ocrx_word' id='word_1_7' title='bbox 516 210 633 252; x_wconf 76' lang='lat' dir='ltr'>taceo,</span> <span class='ocrx_word' id='word_1_8' title='bbox 660 203 798 243; x_wconf 83' lang='lat' dir='ltr'>hercle.</span> <span class='ocrx_word' id='word_1_9' title='bbox 852 203 986 254; x_wconf 89' lang='lat' dir='ltr'><strong>Atque</strong></span> <span class='ocrx_word' id='word_1_10' title='bbox 1010 209 1051 240; x_wconf 90' lang='lat' dir='ltr'>tu</span> <span class='ocrx_word' id='word_1_11' title='bbox 1073 201 1190 240; x_wconf 86' lang='lat' dir='ltr'>Persa</span> <span class='ocrx_word' id='word_1_12' title='bbox 1207 214 1260 250; x_wconf 87' lang='lat' dir='ltr'>es,</span> <span class='ocrx_word' id='word_1_13' title='bbox 1284 202 1351 253; x_wconf 90' lang='lat' dir='ltr'>qui</span> 
     </span>
     <span class='ocr_line' id='line_1_3' title="bbox 397 256 1351 308; baseline -0.002 -14"><span class='ocrx_word' id='word_1_14' title='bbox 397 269 460 296; x_wconf 89' lang='lat' dir='ltr'>me</span> <span class='ocrx_word' id='word_1_15' title='bbox 477 269 599 308; x_wconf 90' lang='lat' dir='ltr'>usque</span> <span class='ocrx_word' id='word_1_16' title='bbox 616 256 890 295; x_wconf 84' lang='lat' dir='ltr'>admutilavisti</span> <span class='ocrx_word' id='word_1_17' title='bbox 906 256 954 294; x_wconf 83' lang='lat' dir='ltr'>ad</span> <span class='ocrx_word' id='word_1_18' title='bbox 972 262 1111 294; x_wconf 87' lang='lat' dir='ltr'>cutem.</span> <span class='ocrx_word' id='word_1_19' title='bbox 1299 256 1351 292; x_wconf 88' lang='lat'>48</span> 
     </span>
     <span class='ocr_line' id='line_1_4' title="bbox 243 309 1253 361; baseline -0.002 -13"><span class='ocrx_word' id='word_1_20' title='bbox 243 311 340 349; x_wconf 74' lang='lat' dir='ltr'><em>Tox.</em></span> <span class='ocrx_word' id='word_1_21' title='bbox 371 310 488 360; x_wconf 84' lang='lat' dir='ltr'>Tace,</span> <span class='ocrx_word' id='word_1_22' title='bbox 510 310 647 349; x_wconf 81' lang='lat' dir='ltr'>stulte:</span> <span class='ocrx_word' id='word_1_23' title='bbox 678 311 739 349; x_wconf 88' lang='lat' dir='ltr'>hic</span> <span class='ocrx_word' id='word_1_24' title='bbox 758 311 840 360; x_wconf 85' lang='lat' dir='ltr'>ejus</span> <span class='ocrx_word' id='word_1_25' title='bbox 860 310 1035 361; x_wconf 87' lang='lat' dir='ltr'>geminus</span> <span class='ocrx_word' id='word_1_26' title='bbox 1053 316 1109 347; x_wconf 87' lang='lat' dir='ltr'>est</span> <span class='ocrx_word' id='word_1_27' title='bbox 1126 309 1253 347; x_wconf 85' lang='lat' dir='ltr'>frater.</span> 
     </span>
     <span class='ocr_line' id='line_1_5' title="bbox 557 363 970 402; baseline -0.002 0"><span class='ocrx_word' id='word_1_28' title='bbox 557 366 682 402; x_wconf 82' lang='lat' dir='ltr'>Dord.</span> <span class='ocrx_word' id='word_1_29' title='bbox 714 363 873 402; x_wconf 86' lang='lat' dir='ltr'>Hiccine</span> <span class='ocrx_word' id='word_1_30' title='bbox 890 363 938 401; x_wconf 89' lang='lat' dir='ltr'>&#39;st</span> <span class='ocrx_word' id='word_1_31' title='bbox 952 365 970 401; x_wconf 76' lang='grc' dir='ltr'>Ρ</span> 
     </span>
     <span class='ocr_line' id='line_1_6' title="bbox 840 414 1353 466; baseline -0.004 -11"><span class='ocrx_word' id='word_1_32' title='bbox 840 419 935 455; x_wconf 77' lang='lat' dir='ltr'>Tar.</span> <span class='ocrx_word' id='word_1_33' title='bbox 963 417 1026 454; x_wconf 86' lang='lat' dir='ltr'>Ac</span> <span class='ocrx_word' id='word_1_34' title='bbox 1044 414 1353 466; x_wconf 87' lang='lat' dir='ltr'>geminissumus.</span> 
     </span>
     <span class='ocr_line' id='line_1_7' title="bbox 238 469 1354 522; baseline -0.002 -14"><span class='ocrx_word' id='word_1_35' title='bbox 238 471 367 509; x_wconf 87' lang='lat' dir='ltr'>Dord.</span> <span class='ocrx_word' id='word_1_36' title='bbox 395 470 463 508; x_wconf 90' lang='lat' dir='ltr'>Dii</span> <span class='ocrx_word' id='word_1_37' title='bbox 482 470 653 522; x_wconf 89' lang='lat' dir='ltr'>Deaeque</span> <span class='ocrx_word' id='word_1_38' title='bbox 677 478 714 509; x_wconf 82' lang='lat' dir='ltr'>et</span> <span class='ocrx_word' id='word_1_39' title='bbox 744 477 780 509; x_wconf 88' lang='lat' dir='ltr'>te</span> <span class='ocrx_word' id='word_1_40' title='bbox 808 478 845 509; x_wconf 89' lang='lat' dir='ltr'>et</span> <span class='ocrx_word' id='word_1_41' title='bbox 874 470 1073 521; x_wconf 87' lang='lat' dir='ltr'>geminum</span> <span class='ocrx_word' id='word_1_42' title='bbox 1101 469 1257 508; x_wconf 82' lang='lat' dir='ltr'>fratrem</span> <span class='ocrx_word' id='word_1_43' title='bbox 1287 481 1354 508; x_wconf 87' lang='lat' dir='ltr'>ex-</span> 
     </span>
     <span class='ocr_line' id='line_1_8' title="bbox 397 532 576 563; baseline -0.006 0"><span class='ocrx_word' id='word_1_44' title='bbox 397 532 576 563; x_wconf 69' lang='lat' dir='ltr'>crucient.</span> 
     </span>
     <span class='ocr_line' id='line_1_9' title="bbox 611 575 1353 629; baseline -0.005 -13"><span class='ocrx_word' id='word_1_45' title='bbox 611 580 706 625; x_wconf 73' lang='lat' dir='ltr'><strong><em>Sag.</em></strong></span> <span class='ocrx_word' id='word_1_46' title='bbox 737 577 817 622; x_wconf 84' lang='lat' dir='ltr'>Qui</span> <span class='ocrx_word' id='word_1_47' title='bbox 835 583 872 616; x_wconf 88' lang='lat' dir='ltr'>te</span> <span class='ocrx_word' id='word_1_48' title='bbox 891 575 1081 629; x_wconf 85' lang='lat' dir='ltr'><strong>perdidit:</strong></span> <span class='ocrx_word' id='word_1_49' title='bbox 1299 575 1353 613; x_wconf 86' lang='lat'>50</span> 
     </span>
     <span class='ocr_line' id='line_1_10' title="bbox 239 630 700 682; baseline -0.004 -12"><span class='ocrx_word' id='word_1_50' title='bbox 239 631 344 670; x_wconf 86' lang='lat' dir='ltr'>Nam</span> <span class='ocrx_word' id='word_1_51' title='bbox 364 643 434 682; x_wconf 88' lang='lat' dir='ltr'>ego</span> <span class='ocrx_word' id='word_1_52' title='bbox 451 630 548 668; x_wconf 87' lang='lat' dir='ltr'>nihil</span> <span class='ocrx_word' id='word_1_53' title='bbox 565 631 700 669; x_wconf 88' lang='lat' dir='ltr'>merui.</span> 
     </span>
     <span class='ocr_line' id='line_1_11' title="bbox 345 680 1353 736; baseline -0.003 -14"><span class='ocrx_word' id='word_1_54' title='bbox 345 685 471 723; x_wconf 85' lang='lat' dir='ltr'>Dord.</span> <span class='ocrx_word' id='word_1_55' title='bbox 502 685 560 722; x_wconf 81' lang='lat' dir='ltr'>At</span> <span class='ocrx_word' id='word_1_56' title='bbox 578 684 695 732; x_wconf 87' lang='lat' dir='ltr'>enim,</span> <span class='ocrx_word' id='word_1_57' title='bbox 715 683 819 736; x_wconf 90' lang='lat' dir='ltr'>quod</span> <span class='ocrx_word' id='word_1_58' title='bbox 835 683 900 722; x_wconf 85' lang='lat' dir='ltr'>ille</span> <span class='ocrx_word' id='word_1_59' title='bbox 917 682 1072 731; x_wconf 89' lang='lat' dir='ltr'>meruit,</span> <span class='ocrx_word' id='word_1_60' title='bbox 1094 681 1164 720; x_wconf 86' lang='lat' dir='ltr'>tibi</span> <span class='ocrx_word' id='word_1_61' title='bbox 1182 680 1222 719; x_wconf 86' lang='lat' dir='ltr'>id</span> <span class='ocrx_word' id='word_1_62' title='bbox 1241 680 1353 729; x_wconf 89' lang='lat' dir='ltr'>obsit,</span> 
     </span>
     <span class='ocr_line' id='line_1_12' title="bbox 504 738 602 776; baseline 0 -1"><span class='ocrx_word' id='word_1_63' title='bbox 504 738 602 776; x_wconf 87' lang='lat' dir='ltr'><strong>volo.</strong></span> 
     </span>
     <span class='ocr_line' id='line_1_13' title="bbox 244 787 1355 842; baseline -0.004 -12"><span class='ocrx_word' id='word_1_64' title='bbox 244 793 341 830; x_wconf 76' lang='lat' dir='ltr'><strong><em>Tooe.</em></strong></span> <span class='ocrx_word' id='word_1_65' title='bbox 380 791 513 842; x_wconf 86' lang='lat' dir='ltr'>Agite,</span> <span class='ocrx_word' id='word_1_66' title='bbox 552 790 688 837; x_wconf 84' lang='lat' dir='ltr'>sultis;</span> <span class='ocrx_word' id='word_1_67' title='bbox 732 790 836 828; x_wconf 88' lang='lat' dir='ltr'>hunc</span> <span class='ocrx_word' id='word_1_68' title='bbox 871 789 1126 838; x_wconf 87' lang='lat' dir='ltr'>ludificemus,</span> <span class='ocrx_word' id='word_1_69' title='bbox 1164 787 1237 827; x_wconf 87' lang='lat' dir='ltr'>nisi</span> <span class='ocrx_word' id='word_1_70' title='bbox 1277 799 1355 827; x_wconf 89' lang='lat' dir='ltr'>non</span> 
     </span>
     <span class='ocr_line' id='line_1_14' title="bbox 400 844 582 895; baseline 0 -13"><span class='ocrx_word' id='word_1_71' title='bbox 400 844 582 895; x_wconf 82' lang='lat' dir='ltr'>dignu‘st.</span> 
     </span>
     <span class='ocr_line' id='line_1_15' title="bbox 605 897 973 946; baseline 0 -11"><span class='ocrx_word' id='word_1_72' title='bbox 605 898 694 945; x_wconf 82' lang='lat' dir='ltr'><em>Sag.</em></span> <span class='ocrx_word' id='word_1_73' title='bbox 723 898 815 935; x_wconf 90' lang='lat' dir='ltr'>Non</span> <span class='ocrx_word' id='word_1_74' title='bbox 833 897 973 946; x_wconf 81' lang='lat' dir='ltr'>opu&#39;st.</span> 
     </span>
     <span class='ocr_line' id='line_1_16' title="bbox 239 950 811 1000; baseline -0.007 -9"><span class='ocrx_word' id='word_1_75' title='bbox 239 953 352 991; x_wconf 78' lang='lat' dir='ltr'>Lem.</span> <span class='ocrx_word' id='word_1_76' title='bbox 379 952 438 990; x_wconf 87' lang='lat' dir='ltr'>At</span> <span class='ocrx_word' id='word_1_77' title='bbox 456 963 518 988; x_wconf 89' lang='lat' dir='ltr'>me</span> <span class='ocrx_word' id='word_1_78' title='bbox 535 950 641 988; x_wconf 88' lang='lat' dir='ltr'>haud</span> <span class='ocrx_word' id='word_1_79' title='bbox 658 963 726 1000; x_wconf 88' lang='lat' dir='ltr'>par</span> <span class='ocrx_word' id='word_1_80' title='bbox 745 958 811 988; x_wconf 87' lang='lat' dir='ltr'>est.</span> 
     </span>
     <span class='ocr_line' id='line_1_17' title="bbox 538 1000 1356 1054; baseline -0.004 -12"><span class='ocrx_word' id='word_1_81' title='bbox 538 1006 630 1042; x_wconf 68' lang='lat' dir='ltr'>Tor.</span> <span class='ocrx_word' id='word_1_82' title='bbox 662 1003 723 1041; x_wconf 87' lang='lat' dir='ltr'>Eo</span> <span class='ocrx_word' id='word_1_83' title='bbox 741 1003 863 1049; x_wconf 87' lang='lat' dir='ltr'>credo,</span> <span class='ocrx_word' id='word_1_84' title='bbox 884 1003 975 1054; x_wconf 83' lang='lat' dir='ltr'>quia</span> <span class='ocrx_word' id='word_1_85' title='bbox 992 1015 1068 1042; x_wconf 87' lang='lat' dir='ltr'>non</span> <span class='ocrx_word' id='word_1_86' title='bbox 1087 1000 1356 1050; x_wconf 80' lang='lat' dir='ltr'>inconciliavit,</span> 
     </span>
     <span class='ocr_line' id='line_1_18' title="bbox 639 1064 930 1109; baseline -0.003 -14"><span class='ocrx_word' id='word_1_87' title='bbox 639 1069 758 1109; x_wconf 91' lang='lat' dir='ltr'>quom</span> <span class='ocrx_word' id='word_1_88' title='bbox 777 1064 814 1095; x_wconf 90' lang='lat' dir='ltr'>te</span> <span class='ocrx_word' id='word_1_89' title='bbox 833 1069 930 1095; x_wconf 87' lang='lat' dir='ltr'>emo.</span> 
     </span>
     <span class='ocr_line' id='line_1_19' title="bbox 239 1111 579 1150; baseline -0.006 0"><span class='ocrx_word' id='word_1_90' title='bbox 239 1112 348 1150; x_wconf 80' lang='lat' dir='ltr'>Lem.</span> <span class='ocrx_word' id='word_1_91' title='bbox 378 1111 579 1150; x_wconf 83' lang='lat' dir='ltr'><strong>Attamen.</strong></span> 
     </span>
     <span class='ocr_line' id='line_1_20' title="bbox 476 1160 1358 1215; baseline -0.006 -12"><span class='ocrx_word' id='word_1_92' title='bbox 476 1166 573 1203; x_wconf 75' lang='lat' dir='ltr'><strong><em>Tox.</em></strong></span> <span class='ocrx_word' id='word_1_93' title='bbox 605 1164 697 1201; x_wconf 89' lang='lat' dir='ltr'>Non</span> <span class='ocrx_word' id='word_1_94' title='bbox 716 1171 869 1202; x_wconf 84' lang='lat' dir='ltr'>tamen:</span> <span class='ocrx_word' id='word_1_95' title='bbox 899 1176 989 1203; x_wconf 84' lang='lat' dir='ltr'>cave</span> <span class='ocrx_word' id='word_1_96' title='bbox 1007 1176 1096 1215; x_wconf 89' lang='lat' dir='ltr'>ergo</span> <span class='ocrx_word' id='word_1_97' title='bbox 1114 1161 1165 1201; x_wconf 88' lang='lat' dir='ltr'>sis</span> <span class='ocrx_word' id='word_1_98' title='bbox 1182 1160 1300 1209; x_wconf 88' lang='lat' dir='ltr'>malo,</span> <span class='ocrx_word' id='word_1_99' title='bbox 1320 1166 1358 1198; x_wconf 91' lang='lat' dir='ltr'>et</span> 
     </span>
     <span class='ocr_line' id='line_1_21' title="bbox 585 1230 833 1268; baseline 0.004 -13"><span class='ocrx_word' id='word_1_100' title='bbox 585 1230 741 1268; x_wconf 86' lang='lat' dir='ltr'>sequere</span> <span class='ocrx_word' id='word_1_101' title='bbox 759 1230 833 1256; x_wconf 83' lang='lat' dir='ltr'>me.</span> 
     </span>
     <span class='ocr_line' id='line_1_22' title="bbox 239 1265 1356 1320; baseline -0.005 -9"><span class='ocrx_word' id='word_1_102' title='bbox 239 1272 300 1311; x_wconf 91' lang='lat' dir='ltr'>Te</span> <span class='ocrx_word' id='word_1_103' title='bbox 317 1271 414 1310; x_wconf 82' lang='lat' dir='ltr'>mihi</span> <span class='ocrx_word' id='word_1_104' title='bbox 432 1271 532 1309; x_wconf 88' lang='lat' dir='ltr'>dicto</span> <span class='ocrx_word' id='word_1_105' title='bbox 545 1271 762 1310; x_wconf 83' lang='lat' dir='ltr'>audientem</span> <span class='ocrx_word' id='word_1_106' title='bbox 781 1284 859 1310; x_wconf 86' lang='lat' dir='ltr'>esse</span> <span class='ocrx_word' id='word_1_107' title='bbox 873 1269 1029 1309; x_wconf 85' lang='lat' dir='ltr'>addecet</span> <span class='ocrx_word' id='word_1_108' title='bbox 1040 1284 1052 1308; x_wconf 89' lang='lat'><strong>:</strong></span> <span class='ocrx_word' id='word_1_109' title='bbox 1072 1280 1164 1307; x_wconf 84' lang='lat' dir='ltr'>nam</span> <span class='ocrx_word' id='word_1_110' title='bbox 1183 1265 1356 1320; x_wconf 90' lang='lat' dir='ltr'>(hercle)</span> 
     </span>
     <span class='ocr_line' id='line_1_23' title="bbox 400 1322 1357 1376; baseline -0.007 -12"><span class='ocrx_word' id='word_1_111' title='bbox 400 1327 543 1376; x_wconf 87' lang='lat' dir='ltr'>absque</span> <span class='ocrx_word' id='word_1_112' title='bbox 560 1337 623 1362; x_wconf 88' lang='lat' dir='ltr'>me</span> <span class='ocrx_word' id='word_1_113' title='bbox 1305 1322 1357 1358; x_wconf 86' lang='lat'>55</span> 
     </span>
     <span class='ocr_line' id='line_1_24' title="bbox 239 1374 1360 1429; baseline -0.005 -11"><span class='ocrx_word' id='word_1_114' title='bbox 239 1379 355 1418; x_wconf 88' lang='lat' dir='ltr'>Foret</span> <span class='ocrx_word' id='word_1_115' title='bbox 372 1386 409 1417; x_wconf 88' lang='lat' dir='ltr'>et</span> <span class='ocrx_word' id='word_1_116' title='bbox 426 1391 511 1416; x_wconf 90' lang='lat' dir='ltr'>meo</span> <span class='ocrx_word' id='word_1_117' title='bbox 530 1377 718 1429; x_wconf 87' lang='lat' dir='ltr'>praesidio,</span> <span class='ocrx_word' id='word_1_118' title='bbox 733 1377 795 1416; x_wconf 85' lang='lat' dir='ltr'>hic</span> <span class='ocrx_word' id='word_1_119' title='bbox 809 1377 947 1417; x_wconf 82' lang='lat' dir='ltr'>faceret</span> <span class='ocrx_word' id='word_1_120' title='bbox 963 1383 1001 1415; x_wconf 91' lang='lat' dir='ltr'>te</span> <span class='ocrx_word' id='word_1_121' title='bbox 1017 1374 1253 1428; x_wconf 81' lang='lat' dir='ltr'>prostibilem</span> <span class='ocrx_word' id='word_1_122' title='bbox 1270 1385 1360 1426; x_wconf 88' lang='lat' dir='ltr'>pro-</span> 
     </span>
     <span class='ocr_line' id='line_1_25' title="bbox 356 1432 566 1471; baseline -0.005 0"><span class='ocrx_word' id='word_1_123' title='bbox 356 1436 358 1438; x_wconf 72' lang='grc'><strong><em>’</em></strong></span> <span class='ocrx_word' id='word_1_124' title='bbox 430 1432 566 1471; x_wconf 89' lang='lat' dir='ltr'>ediem.</span> 
     </span>
     <span class='ocr_line' id='line_1_26' title="bbox 239 1446 1358 1536; baseline -0.006 -10"><span class='ocrx_word' id='word_1_125' title='bbox 239 1485 316 1526; x_wconf 87' lang='lat' dir='ltr'>Sed</span> <span class='ocrx_word' id='word_1_126' title='bbox 342 1446 512 1536; x_wconf 78' lang='lat' dir='ltr'>itappars</span> <span class='ocrx_word' id='word_1_127' title='bbox 533 1485 796 1525; x_wconf 84' lang='lat' dir='ltr'>libertinorum</span> <span class='ocrx_word' id='word_1_128' title='bbox 816 1483 888 1523; x_wconf 76' lang='lat' dir='ltr'>&#39;stz</span> <span class='ocrx_word' id='word_1_129' title='bbox 919 1484 993 1523; x_wconf 89' lang='lat' dir='ltr'>nisi</span> <span class='ocrx_word' id='word_1_130' title='bbox 1019 1490 1178 1536; x_wconf 82' lang='lat' dir='ltr'>patrono</span> <span class='ocrx_word' id='word_1_131' title='bbox 1196 1480 1264 1533; x_wconf 92' lang='lat' dir='ltr'>qui</span> <span class='ocrx_word' id='word_1_132' title='bbox 1288 1480 1358 1519; x_wconf 85' lang='lat' dir='ltr'>ad-</span> 
     </span>
     <span class='ocr_line' id='line_1_27' title="bbox 399 1546 656 1586; baseline -0.004 -8"><span class='ocrx_word' id='word_1_133' title='bbox 399 1546 569 1578; x_wconf 87' lang='lat' dir='ltr'>vorsatus</span> <span class='ocrx_word' id='word_1_134' title='bbox 587 1547 656 1586; x_wconf 83' lang='lat' dir='ltr'>est,</span> 
     </span>
     <span class='ocr_line' id='line_1_28' title="bbox 241 1586 1359 1641; baseline -0.004 -10"><span class='ocrx_word' id='word_1_135' title='bbox 241 1593 326 1632; x_wconf 89' lang='lat' dir='ltr'>Nec</span> <span class='ocrx_word' id='word_1_136' title='bbox 344 1592 433 1631; x_wconf 85' lang='lat' dir='ltr'>satis</span> <span class='ocrx_word' id='word_1_137' title='bbox 453 1593 550 1631; x_wconf 91' lang='lat' dir='ltr'>liber</span> <span class='ocrx_word' id='word_1_138' title='bbox 566 1592 638 1631; x_wconf 88' lang='lat' dir='ltr'>sibi</span> <span class='ocrx_word' id='word_1_139' title='bbox 657 1592 820 1640; x_wconf 85' lang='lat' dir='ltr'>videtur,</span> <span class='ocrx_word' id='word_1_140' title='bbox 840 1603 910 1630; x_wconf 87' lang='lat' dir='ltr'>nec</span> <span class='ocrx_word' id='word_1_141' title='bbox 928 1590 1018 1630; x_wconf 85' lang='lat' dir='ltr'>satis</span> <span class='ocrx_word' id='word_1_142' title='bbox 1035 1589 1154 1641; x_wconf 86' lang='lat' dir='ltr'>frugi,</span> <span class='ocrx_word' id='word_1_143' title='bbox 1180 1601 1250 1627; x_wconf 86' lang='lat' dir='ltr'>nec</span> <span class='ocrx_word' id='word_1_144' title='bbox 1268 1586 1359 1626; x_wconf 87' lang='lat' dir='ltr'>satis</span> 
     </span>
     <span class='ocr_line' id='line_1_29' title="bbox 402 1647 607 1691; baseline 0.005 -8"><span class='ocrx_word' id='word_1_145' title='bbox 402 1647 607 1691; x_wconf 77' lang='lat' dir='ltr'>honestu83</span> 
     </span>
     <span class='ocr_line' id='line_1_30' title="bbox 241 1696 1359 1748; baseline -0.003 -11"><span class='ocrx_word' id='word_1_146' title='bbox 241 1699 298 1738; x_wconf 92' lang='lat' dir='ltr'>Ni</span> <span class='ocrx_word' id='word_1_147' title='bbox 324 1698 365 1737; x_wconf 91' lang='lat' dir='ltr'>id</span> <span class='ocrx_word' id='word_1_148' title='bbox 383 1699 508 1747; x_wconf 90' lang='lat' dir='ltr'>efficit,</span> <span class='ocrx_word' id='word_1_149' title='bbox 529 1699 569 1737; x_wconf 91' lang='lat' dir='ltr'>ni</span> <span class='ocrx_word' id='word_1_150' title='bbox 588 1699 622 1737; x_wconf 93' lang='lat' dir='ltr'>ei</span> <span class='ocrx_word' id='word_1_151' title='bbox 649 1699 750 1737; x_wconf 83' lang='lat' dir='ltr'>male</span> <span class='ocrx_word' id='word_1_152' title='bbox 767 1697 879 1747; x_wconf 80' lang='lat' dir='ltr'>dixit,</span> <span class='ocrx_word' id='word_1_153' title='bbox 908 1697 949 1735; x_wconf 87' lang='lat' dir='ltr'>ni</span> <span class='ocrx_word' id='word_1_154' title='bbox 976 1703 1084 1748; x_wconf 85' lang='lat' dir='ltr'>grato</span> <span class='ocrx_word' id='word_1_155' title='bbox 1101 1696 1274 1747; x_wconf 88' lang='lat' dir='ltr'>ingratus</span> <span class='ocrx_word' id='word_1_156' title='bbox 1300 1707 1359 1734; x_wconf 90' lang='lat' dir='ltr'>re-</span> 
     </span>
     <span class='ocr_line' id='line_1_31' title="bbox 401 1759 617 1802; baseline 0 -12"><span class='ocrx_word' id='word_1_157' title='bbox 401 1759 530 1802; x_wconf 88' lang='lat' dir='ltr'>pertus</span> <span class='ocrx_word' id='word_1_158' title='bbox 548 1760 617 1790; x_wconf 92' lang='lat' dir='ltr'>est.</span> 
     </span>
     <span class='ocr_line' id='line_1_32' title="bbox 242 1801 1359 1852; baseline -0.004 -8"><span class='ocrx_word' id='word_1_159' title='bbox 242 1807 353 1845; x_wconf 79' lang='lat' dir='ltr'>Lem.</span> <span class='ocrx_word' id='word_1_160' title='bbox 383 1805 470 1852; x_wconf 90' lang='lat' dir='ltr'>Pol,</span> <span class='ocrx_word' id='word_1_161' title='bbox 496 1804 693 1843; x_wconf 83' lang='lat' dir='ltr'>benefacta</span> <span class='ocrx_word' id='word_1_162' title='bbox 714 1812 781 1843; x_wconf 87' lang='lat' dir='ltr'>tua</span> <span class='ocrx_word' id='word_1_163' title='bbox 807 1817 869 1842; x_wconf 90' lang='lat' dir='ltr'>me</span> <span class='ocrx_word' id='word_1_164' title='bbox 890 1804 1106 1852; x_wconf 81' lang='lat' dir='ltr'>hortantur,</span> <span class='ocrx_word' id='word_1_165' title='bbox 1128 1810 1195 1841; x_wconf 91' lang='lat' dir='ltr'>tuo</span> <span class='ocrx_word' id='word_1_166' title='bbox 1216 1809 1262 1840; x_wconf 91' lang='lat' dir='ltr'>ut</span> <span class='ocrx_word' id='word_1_167' title='bbox 1284 1801 1359 1839; x_wconf 89' lang='lat' dir='ltr'>im-</span> 
     </span>
     <span class='ocr_line' id='line_1_33' title="bbox 399 1855 1358 1909; baseline -0.004 -13"><span class='ocrx_word' id='word_1_168' title='bbox 399 1859 504 1909; x_wconf 87' lang='lat' dir='ltr'>perio</span> <span class='ocrx_word' id='word_1_169' title='bbox 521 1871 686 1909; x_wconf 84' lang='lat' dir='ltr'>paream.</span> <span class='ocrx_word' id='word_1_170' title='bbox 1305 1855 1358 1892; x_wconf 87' lang='grc'>60</span> 
     </span>
     <span class='ocr_line' id='line_1_34' title="bbox 248 1909 1360 1963; baseline -0.004 -12"><span class='ocrx_word' id='word_1_171' title='bbox 248 1915 344 1951; x_wconf 72' lang='lat' dir='ltr'><strong><em>Tox.</em></strong></span> <span class='ocrx_word' id='word_1_172' title='bbox 372 1912 459 1962; x_wconf 90' lang='lat' dir='ltr'>Ego</span> <span class='ocrx_word' id='word_1_173' title='bbox 479 1924 564 1949; x_wconf 87' lang='lat' dir='ltr'>sum</span> <span class='ocrx_word' id='word_1_174' title='bbox 594 1912 663 1950; x_wconf 87' lang='lat' dir='ltr'>tibi</span> <span class='ocrx_word' id='word_1_175' title='bbox 689 1919 870 1962; x_wconf 84' lang='lat' dir='ltr'>patronus</span> <span class='ocrx_word' id='word_1_176' title='bbox 891 1911 1018 1963; x_wconf 86' lang='lat' dir='ltr'>plane,</span> <span class='ocrx_word' id='word_1_177' title='bbox 1039 1910 1107 1962; x_wconf 92' lang='lat' dir='ltr'>qui</span> <span class='ocrx_word' id='word_1_178' title='bbox 1127 1909 1217 1948; x_wconf 89' lang='lat' dir='ltr'>huic</span> <span class='ocrx_word' id='word_1_179' title='bbox 1233 1920 1303 1961; x_wconf 91' lang='lat' dir='ltr'>pro</span> <span class='ocrx_word' id='word_1_180' title='bbox 1322 1914 1360 1946; x_wconf 89' lang='lat' dir='ltr'>te</span> 
     </span>
     <span class='ocr_line' id='line_1_35' title="bbox 400 1965 718 2015; baseline -0.006 -11"><span class='ocrx_word' id='word_1_181' title='bbox 400 1972 601 2015; x_wconf 82' lang='lat' dir='ltr'>argentum</span> <span class='ocrx_word' id='word_1_182' title='bbox 619 1965 718 2003; x_wconf 87' lang='lat' dir='ltr'>dedi.</span> 
     </span>
     <span class='ocr_line' id='line_1_36' title="bbox 242 2018 877 2058; baseline -0.005 0"><span class='ocrx_word' id='word_1_183' title='bbox 242 2020 318 2058; x_wconf 90' lang='lat' dir='ltr'>Pro</span> <span class='ocrx_word' id='word_1_184' title='bbox 335 2019 437 2058; x_wconf 87' lang='lat' dir='ltr'>hisce</span> <span class='ocrx_word' id='word_1_185' title='bbox 454 2018 558 2056; x_wconf 86' lang='lat' dir='ltr'>hune</span> <span class='ocrx_word' id='word_1_186' title='bbox 575 2019 661 2057; x_wconf 92' lang='lat' dir='ltr'>volo</span> <span class='ocrx_word' id='word_1_187' title='bbox 678 2018 877 2056; x_wconf 82' lang='lat' dir='ltr'>ludificari.</span> 
     </span>
     <span class='ocr_line' id='line_1_37' title="bbox 560 2070 1358 2122; baseline -0.005 -13"><span class='ocrx_word' id='word_1_188' title='bbox 560 2074 669 2110; x_wconf 83' lang='lat' dir='ltr'>Lem.</span> <span class='ocrx_word' id='word_1_189' title='bbox 699 2072 793 2110; x_wconf 88' lang='lat' dir='ltr'>Meo</span> <span class='ocrx_word' id='word_1_190' title='bbox 813 2084 882 2122; x_wconf 88' lang='lat' dir='ltr'>ego</span> <span class='ocrx_word' id='word_1_191' title='bbox 899 2071 939 2109; x_wconf 88' lang='lat' dir='ltr'>in</span> <span class='ocrx_word' id='word_1_192' title='bbox 957 2072 1040 2109; x_wconf 90' lang='lat' dir='ltr'>loco</span> <span class='ocrx_word' id='word_1_193' title='bbox 1058 2070 1188 2109; x_wconf 87' lang='lat' dir='ltr'>sedulo</span> <span class='ocrx_word' id='word_1_194' title='bbox 1207 2070 1358 2108; x_wconf 86' lang='lat' dir='ltr'>curabo.</span> 
     </span>
     <span class='ocr_line' id='line_1_38' title="bbox 241 2122 1359 2176; baseline -0.004 -12"><span class='ocrx_word' id='word_1_195' title='bbox 241 2127 368 2164; x_wconf 82' lang='lat' dir='ltr'>Dord.</span> <span class='ocrx_word' id='word_1_196' title='bbox 397 2126 509 2164; x_wconf 85' lang='lat' dir='ltr'>Certo</span> <span class='ocrx_word' id='word_1_197' title='bbox 523 2125 580 2163; x_wconf 85' lang='lat' dir='ltr'>illi</span> <span class='ocrx_word' id='word_1_198' title='bbox 598 2125 771 2163; x_wconf 80' lang='lat' dir='ltr'>homines</span> <span class='ocrx_word' id='word_1_199' title='bbox 789 2125 887 2163; x_wconf 89' lang='lat' dir='ltr'>mihi</span> <span class='ocrx_word' id='word_1_200' title='bbox 904 2124 1141 2176; x_wconf 88' lang='lat' dir='ltr'>nescio-quid</span> <span class='ocrx_word' id='word_1_201' title='bbox 1159 2122 1252 2161; x_wconf 83' lang='lat' dir='ltr'>mali</span> <span class='ocrx_word' id='word_1_202' title='bbox 1271 2133 1359 2160; x_wconf 88' lang='lat' dir='ltr'>con-</span> 
     </span>
     <span class='ocr_line' id='line_1_39' title="bbox 402 2178 838 2230; baseline -0.002 -13"><span class='ocrx_word' id='word_1_203' title='bbox 402 2178 544 2226; x_wconf 84' lang='lat' dir='ltr'>sulunt,</span> <span class='ocrx_word' id='word_1_204' title='bbox 565 2179 669 2230; x_wconf 89' lang='lat' dir='ltr'>quod</span> <span class='ocrx_word' id='word_1_205' title='bbox 686 2179 838 2217; x_wconf 83' lang='lat' dir='ltr'>faciant.</span> 
     </span>
    </p>
   </div>
  </div>
 </body>
</html>
