1435 2400
213 101 259 139 16
525 101 831 142 CURCULIO.
859 102 917 141 ΙΙ.
942 103 981 140 3.

442 261 626 301 ACTUS
655 262 714 300 ΙΙ.
769 261 952 300 SCENA
981 261 1066 300 ΙΙΙ.

289 366 540 406 Cuncumo.
581 368 905 406 Pnffinnomus.
950 368 1228 405 nummus.

213 474 331 512 Cure.
358 472 460 511 Date
487 473 587 510 viam
606 472 715 519 mihi,
737 472 816 510 noti
841 479 954 523 atque
971 472 1105 523 ignoti,
1129 472 1222 510 dum
1241 485 1311 524 ego

368 526 431 564 hic
450 526 614 564 officium
635 538 761 563 meum

209 578 334 616 Facio.
376 580 514 639 Fugite
533 591 687 622 omnes;
717 578 840 623 abite3
870 586 907 617 et
927 578 974 616 de
991 578 1054 616 via
1071 578 1253 617 secedite·
1240 607 1253 624 ‚

209 632 272 669 Ne
290 644 402 683 quem
422 632 460 669 in
480 645 589 670 cursu
610 631 742 681 capite,
764 639 831 669 aut
849 631 989 680 cubito,
1005 640 1072 669 aut
1088 639 1235 683 pectore
1252 631 1311 670 of-

367 685 534 731 fendam,
555 692 620 722 aut
639 697 751 734 genu.

208 738 270 776 Ita
287 749 388 775 nunc
407 738 544 784 subito,
563 750 732 788 propere,
753 744 789 776 et
806 738 922 777 celere
940 739 1128 788 objectum
1148 735 1197 776 ’st
1213 737 1310 776 mihi

367 791 572 842 negotium.

207 844 292 882 Nec
309 844 510 895 quisquam
537 844 584 882 sit
611 850 690 881 tam
712 843 926 894 opulentus,
949 843 1016 895 qui
1039 843 1135 881 1111111
1156 843 1313 882 obsistat

367 897 407 934 in
427 897 501 945 via,
1282 899 1308 934 5

207 949 291 988 Nec
309 958 506 1000 strategus,
526 962 594 988 nec
612 957 794 1000 tyrannus
808 949 1023 1001 quisquam,
1042 961 1111 988 nec
1129 962 1310 1001 agorano-

365 1016 466 1049 mus,

207 1056 290 1094 Nec
302 1056 538 1103 demarchus,
555 1067 623 1093 nec
635 1055 868 1101 comarchus,
880 1068 947 1094 nec
959 1069 1046 1094 cum
1058 1055 1164 1094 tanta
1175 1053 1312 1106 gloria,

207 1109 314 1155 Quin
334 1109 455 1154 cadat,
477 1109 568 1159 quin
588 1108 708 1158 capite
726 1109 830 1146 sistat
847 1109 885 1146 in
905 1110 967 1147 vi&
984 1109 1031 1147 de
1050 1107 1194 1146 semita.

209 1161 314 1199 Tum
334 1161 395 1199 isti
415 1161 537 1199 Graeci
555 1161 714 1211 palliati,
731 1162 850 1212 capite
868 1170 995 1213 operto
1014 1162 1080 1213 qui
1098 1161 1313 1209 ambulant,

208 1214 289 1261 Qui
307 1215 485 1252 incedunt
504 1214 732 1252 suffarcinati
751 1227 838 1252 cum
856 1215 977 1262 libris,
996 1228 1083 1252 cum
1103 1214 1293 1264 sportulis,

208 1268 407 1314 Constant,
427 1267 622 1305 conferunt
641 1279 828 1305 sermones
845 1267 942 1305 inter
960 1280 1037 1306 sese
1055 1267 1242 1316 drapetae3

207 1320 386 1367 Obstant,
407 1320 607 1365 obsistunt,
627 1319 806 1357 incedunt
824 1333 911 1357 cum
930 1321 1006 1358 suis
1024 1319 1230 1367 sententiis,
1262 1320 1311 1357 12

206 1373 315 1420 Quos
334 1385 480 1423 semper
498 1372 624 1410 videas
638 1372 808 1410 lubentes
828 1385 905 1409 esse
922 1372 961 1409 in
983 1372 1254 1422 thermopolio:

206 1426 286 1464 Ubi
301 1425 394 1476 quid
409 1425 634 1476 surripuere,
651 1432 778 1474 operto
793 1425 957 1475 capitulo
968 1425 1131 1463 calidum
1146 1425 1311 1472 bibunt;

209 1478 352 1516 Tristes
371 1486 484 1528 atque
503 1477 632 1515 ebrioli
654 1477 857 1514 incedunt:
889 1490 950 1515 eos
971 1491 1039 1528 ego
1060 1478 1090 1515 si
1108 1478 1310 1527 offendero,

206 1531 272 1569 Ex
290 1543 519 1582 unoquoque
537 1543 666 1568 eorum
682 1530 826 1567 exciam
844 1530 1027 1581 crepitum
1044 1531 1312 1581 polentarium.

207 1584 316 1621 Tum
332 1584 393 1621 isti
413 1583 479 1634 qui
496 1583 636 1620 ludunt
654 1583 812 1620 datatim
831 1583 926 1621 servi
948 1596 1158 1621 scurrarum
1176 1584 1216 1620 in
1235 1583 1310 1634 via,

205 1636 260 1674 Et
278 1637 437 1684 datores,
458 1644 495 1674 et
510 1636 681 1683 factores,
701 1635 845 1673 omneis
863 1636 1023 1673 subdam
1043 1638 1114 1674 sub
1133 1637 1269 1675 solum.

207 1690 372 1728 Proinde
390 1703 428 1728 se
446 1690 549 1726 domi
569 1689 794 1734 contineant,
816 1689 934 1726 vitent
950 1689 1167 1727 infortunio.

206 1743 341 1781 Phaed.
372 1743 490 1780 Recte
507 1742 569 1780 hic
585 1748 782 1789 monstrat,
803 1742 834 1778 si
851 1741 1033 1792 imperare
1051 1742 1189 1794 possit:
1219 1755 1311 1782 nam

363 1795 417 1833 ita
435 1807 536 1832 nunc
554 1807 636 1832 mos
655 1794 779 1845 viget;
1253 1799 1307 1835 20

206 1848 269 1886 Ita
295 1860 397 1886 nunc
425 1848 618 1886 servitium
634 1848 700 1885 ἐῖτ
733 1847 899 1899 profecto
925 1848 1061 1886 modus
1079 1848 1209 1887 haberi
1234 1861 1312 1888 non

366 1908 499 1943 potest.

210 1955 326 1993 Cure.
352 1953 496 2004 Ecquis
527 1961 595 2000 est,
623 1953 690 2004 qui
718 1954 812 1991 mihi
839 1962 1103 1993 commonstret
1129 1955 1310 1994 Phaedro-

365 2020 489 2054 mum,
509 2007 663 2057 genium
681 2007 839 2044 meum?

207 2061 269 2099 Ita
282 2073 340 2099 res
353 2060 477 2098 subita
486 2060 532 2098 'st
545 2073 555 2096 z
577 2059 742 2099 celeriter
754 2062 810 2098 mi
821 2062 893 2100 hoc
905 2060 1058 2099 homine
1071 2068 1253 2100 convento
1262 2060 1309 2100 'st

364 2126 386 2151 o
415 2127 470 2151 us.

209 2168 344 2205 Palin.
376 2127 435 2204 fe
452 2166 517 2205 ille
535 2165 681 2216 quaerit.
