1435 2400
281 87 360 124 218
481 86 659 125 MILES
688 85 1021 126 GLORIOSUS.
1051 85 1136 125 ΙΙΙ.
1168 87 1203 124 1.

285 193 377 231 Pal.
405 192 547 241 Immo,
568 193 662 244 quid
680 192 763 240 tibi,
785 192 1010 231 Pleusides?

400 247 534 284 Pleas.
553 246 727 307 Quodne
745 247 850 284 vobis
868 247 1028 296 placeat,
1049 244 1243 296 displiceat
1261 244 1356 283 mihi
1369 247 1387 283 ?

283 299 383 348 Quis
399 299 514 338 homo
533 299 581 338 sit
599 300 720 350 magis
738 312 860 345 meuS‚
881 311 997 350 quam
1018 307 1060 337 tu
1079 299 1148 336 es?

549 355 686 402 Perip.
716 354 751 390 11
735 365 890 403 Joquere
903 353 1027 403 lepide
1045 360 1082 391 et
1097 351 1305 422 commode.
1336 352 1388 389 20

284 407 375 444 Pal.
405 406 491 451 Pol,
511 406 564 443 ita
582 406 686 444 decet
703 406 805 443 hunc
823 405 954 444 facere.
1172 406 1236 466 sp<
1310 416 1320 434 -’

442 461 573 496 Pleas.
601 459 658 496 At
676 459 746 496 hoc
765 472 825 496 me
844 459 989 496 facinus
1008 458 1188 497 miserum
1208 463 1387 504 macerat,

283 511 498 563 Meumque
516 524 577 549 cor
596 524 804 562 corpusque
823 512 974 549 cruciat.

525 567 663 614 Perip.
691 565 797 611 Quid
816 565 855 602 id
871 572 938 611 est,
959 564 1062 615 quod
1081 563 1220 602 cruciat
1235 566 1252 601 ?
1282 563 1386 602 cedo.

283 619 413 656 Pleas.
445 618 516 656 Me
542 618 625 665 tibi,
649 618 745 655 istuc
770 619 888 656 aetatis
912 616 1074 664 homini,
1098 617 1265 655 facinora
1294 630 1391 669 pue-

281 724 483 774 Objicere;
513 737 636 775 neque
654 731 691 761 te
709 723 855 768 decora,
875 735 998 773 neque
1017 723 1091 761 tuis
1110 723 1324 771 virtutibus,

282 778 343 816 Ea
365 785 402 815 te
421 785 612 828 expetere:
647 784 698 824 te,
719 790 767 814 ex
784 776 920 827 opibus
943 776 1118 822 summis,
1142 777 1218 815 mei
1239 776 1392 815 honoris

441 830 576 880 gratia,
1338 831 1390 867 25

281 883 461 934 Mihique
488 883 634 920 amanti
659 883 713 920 ire
735 882 980 932 opitulatum,
1004 890 1119 933 atque
1143 896 1187 921 ea
1212 889 1248 921 te
1270 883 1391 921 facere

440 935 621 982 facinora,

281 990 381 1038 Quae
405 989 507 1026 istaec
540 996 627 1026 aetas
655 988 786 1039 fugere
817 987 917 1026 facta
945 989 1081 1039 magis,
1112 1003 1229 1041 quam
1259 989 1392 1028 sectari

442 1041 545 1079 solet.

281 1097 382 1134 Eam
401 1094 519 1145 pudet
532 1107 594 1132 me
607 1095 676 1133 tibi
692 1095 732 1131 in
751 1094 900 1132 senecta
913 1095 1073 1144 objicere
1085 1095 1390 1134 sollicitudinem.

281 1151 418 1198 Perip.
452 1149 564 1186 Novo
593 1148 707 1185 modo
738 1155 795 1193 tu,
826 1147 954 1195 homo,
985 1161 1103 1196 amas,
1137 1149 1325 1200 siquidem
1353 1155 1390 1188 ve

441 1201 667 1252 quidquam,
687 1200 791 1251 quod
808 1200 921 1248 faxis,
942 1201 1071 1252 pudet.

281 1255 394 1294 Nihil
411 1267 540 1293 amas:
562 1256 700 1292 umbra
716 1267 755 1292 es
773 1256 971 1292 amantum
989 1255 1125 1305 magis,
1145 1268 1264 1307 quam
1282 1268 1387 1294 ama?

440 1316 512 1353 tor,
539 1307 748 1346 Pleusidae.
1335 1309 1388 1347 30

283 1364 416 1401 Pleas.
448 1361 644 1399 Hanccine
673 1368 824 1399 aetatem
856 1373 1026 1400 exercere
1056 1374 1120 1400 me
1149 1362 1227 1400 mei
1253 1362 1392 1401 amoris

441 1414 586 1465 gratia.
575 1414 593 1436 '³

280 1469 419 1518 Perip.
446 1467 554 1514 Quid
582 1467 637 1505 ais
666 1474 733 1505 tu.
725 1469 741 1495 2
769 1467 871 1505 itane
899 1467 969 1506 tibi
998 1480 1067 1518 ego
1094 1468 1223 1507 videor
1250 1468 1391 1520 oppido

406 1520 736 1568 Acherunticus,

281 1575 385 1625 'Lam
404 1573 620 1624 capularis?
641 1580 769 1611 tamne
786 1573 856 1611 tibi
874 1573 941 1611 diu
959 1573 1087 1613 videor
1100 1575 1218 1613 vitam
1237 1575 1390 1614 vivere?

281 1629 388 1666 Nam
409 1627 586 1678 equidem
609 1626 714 1664 haud
737 1639 824 1664 sum
846 1639 964 1665 annos
986 1635 1099 1667 natus
1123 1635 1258 1680 praeter
1275 1630 1389 1680 quin-

440 1679 623 1731 quaginta
641 1687 678 1717 et
696 1687 881 1731 quatuor:

281 1734 393 1774 clare
410 1732 528 1771 oculis
546 1732 668 1780 video,
686 1733 821 1802 pernix
840 1746 925 1799 sum
945 1736 1146 1781 manibus3
1171 1748 1258 1773 sum
1275 1735 1389 1786 pedes

448 1785 611 1823 mobilis.
760 1793 772 1805 ²⁷
1335 1790 1387 1827 35

280 1841 371 1879 Pal.
401 1839 442 1878 Si
459 1839 569 1876 albus
587 1839 745 1890 capillus
767 1839 829 1878 hio
851 1840 1011 1889 videtur,
1034 1841 1259 1894 neutiquam
1281 1842 1387 1893 inge-

437 1892 501 1929 nio
515 1892 563 1929 ’st
580 1904 705 1930 senex.

279 1945 413 1984 Inoet
402 1957 443 1982 m
461 1945 533 1982 hoc
551 1946 772 1984 amussitata
790 1959 858 1984 sua
876 1947 975 1985 sibi
964 1960 1131 1999 lngenua
1147 1948 1306 1987 indoles-

279 2001 415 2038 Pleas.
434 1999 521 2089 11))211,
540 1998 580 2036 id
598 1999 753 2059 quidem
772 2001 942 2051 experior
954 2001 1008 2039 ita
1022 2015 1113 2049 esse,
1128 2008 1173 2040 ut
1189 2001 1385 2053 praedicem,

513 2065 562 2090 aes
566 2052 660 2097 trio3

278 2106 384 2143 Nam
407 2105 619 2196 bzqfiignittas
641 2106 796 2156 quidem
815 2107 932 2156 hujus
950 2108 1090 2159 oppido
1108 2115 1151 2146 ut
1169 2107 1383 2148 adolescen-

533 2172 550 2195 S
