1435 2400
158 99 211 142 70
489 98 769 138 EPIDICUS.
797 97 872 136 IV.
902 99 938 135 2.

329 206 490 256 Periph.
523 206 620 249 Quae
638 204 854 243 exanimata
872 202 1087 254 exsequitur
1105 200 1262 251 adspec-

434 266 519 297 tum
536 267 661 297 tuum.
1231 254 1259 289 3

154 311 261 348 Phil.
293 310 394 402 Qulijs
419 312 520 393 isstaec
546 320 612 356 est,
641 323 757 362 quam
786 317 828 347 tu
855 309 1028 348 osculum
1051 307 1147 346 mihi
1165 307 1261 344 ferre

307 377 352 414 Ju
381 377 418 403 es
436 395 445 403 .

470 419 633 468 Periph.
664 417 752 455 Tua
770 416 864 454 filia.

155 471 262 509 Phil.
293 470 471 509 Haeccine
485 474 503 509 ?

259 525 420 573 Periph.
452 525 558 562 Haec.

366 578 476 615 Phil.
506 577 639 627 Egone
657 576 830 615 osculum
849 575 939 613 huic
957 573 1043 612 dem
1055 573 1073 609 ’ἓ

415 632 580 680 ΡενίΡΙι.
598 630 678 668 Cur
696 641 788 676 non,
809 641 895 680 quae
914 640 961 666 ex
979 634 1016 665 te
1033 633 1122 664 nata
1141 624 1209 663 sit?
1237 627 1262 661 5

159 684 268 721 Phil.
297 683 378 730 Tu,
398 683 527 731 homo,
547 683 698 721 insanis.

260 737 424 786 Periph.
452 736 587 787 Egone
599 738 617 774 ?

374 790 485 828 Phil.
515 791 630 827 Tute.

530 843 694 892 Periph.
725 842 803 880 Cur
817 843 835 880 ’ἓ

593 897 703 933 Phil.
735 895 838 938 Quia
856 906 924 944 ego
942 893 1054 939 hanc,
1074 904 1160 942 quae
1178 891 1264 933 siet,

156 950 295 1001 Neque
313 948 400 997 seio,
418 961 541 1000 neque
565 949 654 987 novi
669 962 681 994 3
711 961 833 999 neque
852 960 920 997 ego
937 947 1036 984 hanc
1052 945 1169 983 oculis
1187 943 1266 982 vidi

315 1010 403 1040 ante
420 1003 522 1039 hunc
541 1001 655 1040 diem.

157 1057 321 1105 Periph.
346 1055 448 1101 Scio,
466 1055 559 1105 quid
575 1067 686 1101 erres,
712 1053 804 1104 quia
821 1052 998 1092 vestitum
1021 1058 1135 1102 atque
1155 1061 1265 1087 orna-

314 1116 398 1146 tum
416 1107 641 1146 mutabilem

157 1162 287 1200 Habet
305 1161 398 1199 haec.

360 1215 470 1252 Phil.
497 1213 624 1252 Aliter
641 1213 758 1252 catuli
774 1214 887 1263 longe
905 1212 1021 1261 olent,
1040 1210 1148 1249 aliter
1166 1220 1267 1248 sues.

468 1268 581 1317 Nego

161 1322 261 1360 Eam
279 1333 342 1360 me
359 1321 518 1368 novisse,
539 1333 625 1370 quae
643 1321 704 1359 sit.

503 1375 667 1423 Periph.
687 1374 764 1412 Pro
783 1373 911 1411 Deum
932 1378 1045 1422 atque
1063 1370 1263 1408 hominum

608 1426 722 1464 fidem
738 1427 747 1463 !
1217 1424 1266 1461 lo

159 1482 265 1526 Quid
278 1484 296 1520 ἓ
325 1494 394 1531 ego
420 1479 650 1517 lenocinium
677 1479 804 1518 facio?
843 1478 910 1529 qui
935 1478 1097 1515 habeam
1125 1476 1267 1514 alienos

315 1533 434 1579 domi,

156 1589 289 1639 Atque
315 1593 514 1637 argentum
543 1585 754 1636 egurgitem
780 1585 895 1623 domo
920 1596 1107 1634 prorsum.
1158 1582 1267 1626 Quid

317 1651 374 1687 tu,
393 1652 480 1690 quae
497 1647 644 1689 patrem

156 1694 290 1732 Tuum
309 1705 417 1730 vocas
434 1704 510 1739 me,
531 1700 644 1743 atque
662 1692 830 1730 osculare
843 1694 861 1730 t>
881 1690 975 1742 quid
993 1699 1068 1730 stas
1084 1691 1235 1742 stupida
1246 1691 1266 1727 ’Β

314 1746 407 1797 quid
424 1753 522 1782 taces
539 1747 556 1783 ἓ

157 1802 249 1839 Fid.
284 1799 390 1843 Quid
406 1798 541 1849 loquar
558 1797 614 1836 vis
627 1799 645 1835 ἶ)

264 1853 426 1903 Periph.
455 1851 551 1889 Haec
569 1856 683 1901 negat
705 1863 744 1888 se
763 1857 869 1888 tuam
890 1863 968 1888 esse
986 1858 1159 1889 matrem.

957 1905 1051 1941 Fid.
1080 1904 1142 1942 Ne
1160 1902 1261 1952 fuat,

157 1961 200 2001 Si
216 1972 292 1999 non
311 1959 403 1998 volt.
442 1956 649 2008 Equidem,
669 1955 740 1994 hac
757 1954 888 2004 invita,
908 1963 1035 1995 tamen
1054 1970 1116 1996 ero
1134 1957 1265 1995 matris

314 2013 404 2050 filia.
1211 2011 1228 2046 1
1238 2012 1267 2047 5

156 2069 248 2106 Non
265 2080 328 2105 me
344 2065 464 2103 istanc
482 2076 612 2114 cogere
630 2074 784 2114 aequum
799 2063 846 2100 'st
859 2075 985 2100 meam
996 2077 1074 2103 esse
1086 2069 1265 2111 matrem,

314 2120 346 2159 si
362 2118 501 2156 nevolt.

153 2175 317 2225 Periph.
346 2173 426 2212 Cur
443 2183 506 2210 me
523 2170 638 2221 igitur
656 2176 802 2221 patrem
821 2170 979 2208 vocabas
993 2169 1012 2206 ’ἓ
