1435 2400
356 75 797 115 MOSTELLARIA.
830 77 911 114 111.
942 78 978 116 l.
1138 76 1213 115 291

106 180 231 217 Tum.
257 179 428 221 Absolve
448 183 552 221 hunc
571 181 736 234 (quaeso)
756 183 958 232 vomitum,
985 195 1034 222 ne
1057 183 1122 222 hic
1146 195 1215 221 nos

259 236 390 273 enicet.
1138 237 1212 281 117

105 289 281 333 Quatuot
299 289 550 340 quadraginta
567 289 625 327 ilii
643 289 826 328 debentur
843 289 973 336 minae,

104 343 161 381 Et
179 356 258 382 sors
277 350 313 381 et
331 343 464 381 foenus.

447 399 553 435 Dan.
583 397 756 435 Tantum
770 397 841 435 'st:
871 396 991 434 nihilo
1008 395 1095 446 plus
1114 402 1213 447 peto.

110 451 230 488 Tran.
260 450 391 488 Velim
410 450 564 501 quidem
585 448 770 499 (hercle),
791 458 835 488 ut
853 463 930 488 uno
948 462 1107 488 nummo
1126 450 1213 500 plus

289 511 378 541 etas.
1137 503 1211 540 120

110 515 530 606 TheanpAdoloeeens,
550 569 702 595 mecum
720 569 801 595 rem
818 556 928 595 habe.

596 612 703 649 Dan.
732 611 886 662 Nempe
904 611 971 648 abs
989 616 1026 648 te
1043 616 1171 661 petam
1190 610 1208 646 Ρ

108 664 250 703 ΤῘιειιν.
280 663 406 702 Petito
419 676 509 701 cras.

437 720 543 755 Dan.
571 716 708 755 Abeo:
739 724 795 755 sat
812 717 947 765 habeo,
968 716 999 754 si
1018 729 1098 755 cras
1116 716 1209 755 fero.

109 772 230 810 Tran.
257 770 414 809 Malum
434 769 537 821 quod
553 769 616 807 isti
635 770 703 808 Dii
720 770 891 821 Deaeque
909 782 1040 808 omnes
1058 770 1181 808 duint.

101 825 166 863 Ita
178 837 265 862 mea
283 823 439 862 consilia
455 825 652 874 perturbat
669 824 911 875 paenissume.

100 878 269 916 Nullum
288 877 468 928 (edepol)
488 877 600 915 hodie
618 890 740 927 genus
759 885 814 916 ωε
831 877 1033 915 hominum
1050 877 1197 921 tetrius,

95 932 143 969 >N
146 944 187 969 ec
204 931 332 968 minus
350 932 450 969 bono
468 943 557 968 cum
579 931 679 978 jure,
700 943 817 981 quam
840 930 1080 968 danisticum.
1139 931 1214 968 126

108 985 253 1023 leeur.
283 983 372 1027 Qua
389 984 430 1020 in
446 983 598 1034 regione
614 983 704 1021 istas
717 983 828 1021 aedeis
845 983 937 1021 emit
954 983 1087 1022 filius?

108 1039 228 1076 Tran.
257 1038 358 1076 Ecce
375 1044 520 1083 autem,
538 1036 633 1086 perii
648 1036 658 1073 Ξ

465 1090 609 1127 ΤΙιειιν.
636 1089 792 1128 Dicisne
807 1090 896 1137 hoc,
915 1089 1018 1141 quod
1036 1097 1073 1128 te
1089 1090 1211 1141 rogo?

110 1146 233 1183 Tran.
255 1143 396 1182 Dicam
411 1157 423 1181 ε
446 1142 510 1181 sed
528 1155 667 1181 nomen
681 1142 840 1192 domini,
861 1156 1005 1194 quaem,
1020 1143 1114 1195 quid
1131 1145 1212 1182 siet.

109 1200 252 1237 leeur.
283 1198 388 1248 Age,
408 1196 690 1235 comminiscere
708 1209 810 1246 ergo.

474 1251 593 1288 Tran.
626 1250 732 1294 Quid
751 1263 820 1300 ego
834 1263 936 1289 nunc
954 1263 1066 1301 agam
1084 1252 1102 1288 Ρ
1134 1251 1210 1289 130

102 1305 205 1353 Nisi,
227 1304 292 1354 [ut
310 1304 349 1341 in
369 1303 536 1341 vicinum
555 1303 658 1341 hunc
679 1316 914 1354 proxumum
931 1303 1210 1356 mendacium‚]

100 1358 180 1397 Eas
199 1359 330 1396 emisse
349 1356 460 1395 aedeis
478 1357 595 1405 hujus
613 1357 736 1395 dicam
754 1356 890 1396 filium.

102 1412 283 1450 Calidum
304 1409 474 1462 (hercle)
494 1409 624 1447 audivi
643 1423 720 1448 esse
738 1418 942 1461 optumum
959 1410 1213 1450 mendacium-

104 1464 306 1516 Quidquid
324 1464 400 1501 Dei
417 1463 562 1510 dicunt,
578 1463 617 1500 id
635 1471 782 1501 rectum
797 1465 844 1501 'st
863 1464 997 1503 dicere.

109 1521 252 1557 Theur.
284 1517 391 1562 Quid
407 1516 523 1567 igitur
537 1519 554 1554 ἓ
579 1517 663 1566 jam
679 1517 958 1555 commentu’s?

535 1571 655 1608 Tran.
684 1570 753 1607 Dii
769 1570 884 1608 istum
899 1570 1100 1622 perduint!
1136 1570 1210 1608 135

102 1626 246 1673 Immo,
265 1625 390 1663 istunc
408 1624 547 1675 potius.
590 1623 652 1662 De
671 1624 792 1662 vicino
810 1624 883 1662 hoc
899 1637 1088 1675 proxumo

106 1679 219 1717 Tuus
237 1678 329 1716 emit
346 1677 458 1716 aedeis
476 1677 588 1716 filius.

590 1733 732 1769 leeur.
758 1731 910 1770 Bon‘im'
929 1730 1033 1768 fide?

111 1787 233 1822 Tran.
252 1783 448 1834 Siquidem
468 1798 507 1823 es
524 1792 724 1835 argentum
742 1784 972 1833 redditurus,
986 1791 1069 1822 tum
1087 1784 1212 1823 bonfi:

106 1839 149 1877 Si
169 1836 382 1875 redditurus
400 1850 474 1875 non
495 1851 548 1885 es,
563 1850 641 1875 non
659 1838 751 1876 emit
770 1839 883 1876 bona.

113 1892 257 1929 Theur.
287 1890 381 1928 Non
398 1890 437 1927 in
455 1891 537 1929 loco
554 1891 647 1929 emit
664 1893 830 1942 perbono
846 1891 927 1929 has.

626 1946 747 1982 Tran.
776 1945 919 1992 Immo,
934 1951 1106 1996 optumo.
1139 1945 1213 1981 140

114 1997 258 2035 Theur.
293 1996 418 2047 Cupio
441 1995 609 2043 (hercle)
638 1998 821 2048 inspicere
844 1998 913 2036 has
940 1998 1066 2036 aedeis.
1120 1997 1215 2036 Pul-

264 2049 398 2087 tadum
416 2048 541 2095 foreis,

110 2104 245 2154 Atque
263 2111 416 2141 evocato
435 2101 599 2153 aliquem
620 2103 721 2142 intus
740 2103 788 2142 ad
807 2112 857 2152 te⁷
879 2104 1035 2144 Tranio.
