1435 2400
483 79 788 119 CURCULIO.
818 80 851 117 Ι.
870 81 908 117 2.
1224 79 1251 117 9

517 186 653 224 Phaea.
683 185 814 234 Anus,
834 184 937 224 audi.
979 184 1066 224 Hoc
1086 184 1171 223 volo
1199 184 1251 222 43

144 236 247 277 Scire
265 245 326 284 te3
354 238 524 290 perditus
542 252 628 278 sum
646 240 772 277 miser.
810 278 814 279 ⁷

676 293 797 330 Lena.
823 290 883 329 At
902 290 1007 343 (pol)
1025 304 1094 342 ego
1112 291 1253 343 oppido

144 345 309 383 Servata.
350 345 425 384 Sed
443 346 537 397 quid
555 346 639 385 aet?
668 345 761 398 quid
778 345 885 383 lubet
903 345 1092 396 perditum
1199 346 1251 382 45

145 397 283 436 Dicere
301 405 338 436 te
357 412 461 438 aese.
452 403 470 425 '³

465 454 605 491 Phaed.
638 452 743 500 Quia
760 451 815 500 id,
835 451 938 503 quod
958 463 1058 498 amo,
1079 463 1198 489 careo.

145 506 266 543 Lena.
294 505 520 544 Phaedrome
536 506 606 553 mi,
625 518 674 545 ne
690 506 811 557 plora,
832 507 978 543 amabo.
1022 505 1088 542 Tu
1106 517 1170 542 me

143 558 377 650 Curato‚a‹111e
405 559 552 607 sitiam;
582 571 652 610 ego
678 559 761 608 tibi,
791 558 895 610 quod
921 571 1040 607 amas,
1067 559 1150 608 jam
1175 556 1253 595 huc

353 612 502 651 ducam.

145 666 280 704 Phaed,
309 665 402 704 Tibi
419 679 478 704 nae
497 678 580 718 ego,
601 666 632 703 si
650 665 763 704 fidem
785 678 907 704 servas
924 676 1090 713 mecum,

143 719 310 757 Vineam
327 731 397 769 pro
415 720 528 758 aurea
545 720 670 757 statua
689 726 867 765 statuam,
887 732 974 769 quae
990 726 1058 756 tuo
1199 717 1252 754 50

145 772 303 810 Gutturi
321 772 368 809 sit
386 774 680 811 monimentum.
721 772 803 819 Qui
820 784 883 809 me
901 772 942 809 in
959 769 1056 810 terra
1073 782 1180 822 aeque

144 825 378 863 Fortunatus
396 827 478 875 erit,
501 826 533 864 si
551 826 618 864 ina
636 825 684 879 ad
702 838 765 863 me
781 825 889 873 bitet,

145 877 359 917 Palinure?

377 933 509 970 Palin.
537 933 702 985 Edepol,
723 933 791 984 qui
808 938 924 977 amat,
943 930 977 970 si
995 938 1092 983 eget,
1112 929 1250 969 misera

477 985 637 1024 affidtur

145 1037 352 1076 AErumna.

342 1092 476 1130 Phaed.
505 1091 596 1129 Non
614 1091 669 1128 ita
684 1104 743 1130 res
761 1098 840 1129 ωτι
871 1103 964 1129 nam
981 1090 1128 1129 confido

144 1144 360 1183 Parasitum
378 1143 490 1182 hodie
507 1144 760 1182 adventurum
777 1157 865 1182 cum
883 1151 1038 1194 argento
1056 1143 1105 1180 ad
1122 1155 1197 1181 me.

145 1198 280 1236 Palin.
304 1197 496 1247 Magnum
516 1197 697 1248 inceptas,
715 1198 746 1236 si
765 1197 804 1234 id
823 1206 1029 1248 exspectas,
1047 1196 1150 1248 quod
1160 1208 1252 1234 nus-

305 1262 422 1301 quam
436 1251 495 1288 'st.
1198 1249 1251 1287 56

144 1304 279 1343 Phaed.
298 1302 405 1352 Quid
423 1303 455 1341 si
472 1303 606 1342 adfflm
626 1303 675 1341 ad
692 1303 818 1352 foreis,
838 1311 952 1354 atque
965 1310 1156 1341 occentem
1168 1301 1186 1338 ?

886 1357 1021 1395 Palin„
1052 1356 1094 1394 Si
1112 1356 1220 1394 lubet
1235 1370 1248 1394 ε

142 1409 281 1461 Neque
298 1416 395 1454 veto,
416 1421 539 1460 neque
553 1411 669 1459 jubeo
684 1425 697 1457 3
724 1409 878 1461 quando
896 1422 966 1460 ego
983 1417 1020 1447 te
1038 1408 1146 1447 video

143 1463 365 1501 Immutatis
381 1462 552 1501 moribus
571 1476 662 1510 esse,
681 1463 784 1510 here,
805 1471 919 1514 atque
936 1462 1102 1513 ingenio.

143 1515 763 1567 Phaed.Pessu1i,hemepeaeuli!
791 1529 856 1555 vos
844 1477 996 1554 qsaluto
1014 1516 1176 1554 lubens:
1197 1515 1250 1554 60

143 1568 226 1607 vos
244 1581 345 1615 amo,
364 1581 430 1607 vos
449 1569 547 1615 volo,
568 1582 635 1607 vos
652 1578 753 1621 peto,
773 1578 887 1621 atque
901 1570 1067 1613 obsecro,

144 1622 276 1660 Gerite
294 1622 437 1659 amanti
449 1622 546 1659 mihi
564 1635 708 1661 morem
727 1622 1008 1661 amoenissumi.

142 1675 229 1713 Fite
247 1687 358 1712 causa
375 1687 462 1712 mea
481 1675 583 1726 Lydi
601 1676 778 1722 barbari;

142 1727 337 1775 Subsilite,
357 1729 522 1775 obsecro,
542 1736 579 1766 et
596 1729 735 1766 mittite
751 1729 872 1767 istanc
889 1728 1004 1776 foras,

144 1780 244 1826 Quae
257 1781 352 1818 mihi
370 1781 508 1819 misero
526 1782 671 1819 amanti
689 1782 805 1820 ebibit
823 1782 1060 1833 sanguinem.
1196 1782 1249 1820 65

144 1833 231 1870 Hoc
250 1833 349 1880 vide,
369 1842 413 1871 ut
430 1833 623 1872 dormiunt
641 1835 783 1885 pessuli
799 1835 983 1886 pessumi,

144 1885 229 1923 Nec
247 1898 333 1923 mea
351 1887 472 1936 gratia
490 1897 728 1926 commovent
748 1901 786 1926 se
803 1901 931 1939 ocyus

144 1938 334 1989 Respicio,
355 1939 465 1977 nihili
483 1952 608 1978 moem
628 1954 692 1979 vos
711 1941 873 1992 gratiam
890 1941 1024 1979 facere·

143 1991 219 2030 Sed
237 1999 332 2037 tace,
352 2000 444 2030 tace.

301 2046 435 2083 Palin.
462 2045 603 2096 Taceo,
623 2047 758 2088 hercle.
793 2047 902 2095 Quid
920 2055 975 2085 est
988 2049 1007 2085 Ρ

764 2102 900 2139 Pkaed.
920 2099 1049 2139 Sentio
1066 2099 1245 2138 sonitum.

146 2149 319 2190 Tandem
337 2151 510 2203 (edepol)
526 2152 622 2190 mihi
640 2153 818 2204 morigeri
836 2152 979 2205 pessuli
996 2153 1105 2190 fiunt.
1198 2152 1249 2194 70
