1435 2400
256 97 336 136 358
643 97 840 136 PERSA.
869 98 923 138 V.
949 99 988 136 2.

258 203 339 252 Qui
357 202 468 241 illum
485 203 655 250 Persam,
674 212 789 256 atque
802 204 946 243 omneis
961 204 1109 252 Persas,
1128 210 1243 254 atque
1259 203 1376 242 etiam

417 257 562 295 omneis
579 270 754 308 personas
1345 258 1373 294 6

259 310 369 348 Male
388 309 456 348 Dii
479 322 609 349 omnes
636 311 821 362 perdant!
853 311 906 349 ita
927 310 1067 349 miser!
1100 309 1263 349 Toxilus
1290 310 1374 348 haec

421 364 518 401 mihi
535 364 706 403 concivit.

259 416 364 464 Quia
382 417 416 454 ei
439 417 553 455 fidem
580 429 656 456 non
685 417 803 456 habui
829 417 990 468 argenti,
1016 429 1061 456 eo
1078 415 1174 456 mihi
1198 430 1259 456 eas
1286 429 1370 455 ma-

419 470 548 509 chinas
566 471 774 509 molitu'st:

259 523 388 571 Quem
409 524 521 575 (pol)
541 537 611 574 ego
628 533 672 562 ut
689 537 765 562 non
791 525 830 563 in
849 524 1058 564 cruciatum
1076 531 1191 575 atque
1208 521 1247 560 in
1267 534 1371 560 com-

417 577 531 628 pedes
549 589 698 627 cogam,
718 578 749 616 si
768 578 909 625 vivam,

257 630 455 682 Siquidem
470 630 546 669 huc
558 642 729 681 unquam
743 631 857 669 herus
876 630 1027 669 redierit
1045 631 1141 679 ejus,
1162 627 1265 680 quod
1283 640 1370 678 spe-

416 697 458 721 ro
477 712 488 722 .
506 711 517 721 .
539 711 551 722 .
570 710 580 720 .
603 685 676 722 Sed
696 685 789 735 quid
808 697 878 735 ego
896 684 1060 735 adspicio
1074 685 1092 721 ?
1319 682 1371 720 10

258 737 345 776 Hoc
373 737 459 776 vide
474 737 483 774 Ξ
519 750 605 788 quae
635 737 716 775 haec
745 738 876 777 fabula
895 738 942 776 ’st
956 740 973 775 ἓ
1011 737 1089 789 pol,
1120 736 1185 775 hic
1214 734 1370 786 quidem

412 798 569 841 potant:
599 790 805 841 aggrediar.
860 790 898 830 Ο
918 792 1016 829 bone
1034 789 1114 829 vir!

254 843 407 883 Salveto
424 844 434 881 Ξ
458 851 494 881 et
514 851 570 890 tu,
592 845 691 881 bona
708 843 867 882 liberta!

474 898 571 935 Tox.
599 895 793 935 Dordalus
810 897 872 935 hic
890 897 1045 947 quidem
1064 904 1130 935 est.

896 952 985 999 Sag.
1016 949 1123 997 Quin
1142 951 1235 999 jube
1253 950 1369 989 adire.

263 1005 357 1042 Tooe.
378 1003 472 1047 Adi,
493 1003 525 1042 si
543 1003 646 1042 libet.
693 1002 827 1054 Agite,
847 1002 1139 1054 applaudamus,
1184 1002 1369 1052 Dordale,

415 1057 530 1095 homo
548 1056 806 1108 lepidissume,
826 1057 938 1094 salve.

255 1111 381 1150 Locus
408 1111 471 1149 hic
496 1120 585 1148 tuus
617 1117 695 1157 est;
734 1109 810 1147 huc
840 1111 1031 1148 accumbe.
1084 1110 1197 1149 Ferte
1225 1124 1369 1163 aquam

413 1164 588 1214 pedibus.
642 1162 828 1201 Praebe’n’
846 1170 903 1208 tu,
922 1165 1068 1214 puere?

254 1219 381 1256 Dord.
403 1218 465 1255 Ne
479 1217 530 1255 sis
544 1229 606 1254 me
620 1229 698 1254 uno
713 1216 830 1267 digito
844 1216 1025 1267 attigeris,
1039 1229 1087 1256 ne
1100 1224 1138 1256 te
1151 1217 1200 1257 ad
1213 1225 1368 1268 terram,

416 1271 550 1317 scelus,
572 1270 753 1320 affligam.
1317 1272 1367 1310 15

254 1326 371 1374 Paeg.
397 1325 456 1362 At
484 1324 553 1362 tibi
580 1336 650 1374 ego
675 1323 747 1361 hoc
764 1322 943 1362 continuo
961 1323 1098 1374 cyatho
1116 1325 1271 1363 oculum
1299 1338 1367 1365 ex-

412 1377 554 1415 cutiam
573 1384 699 1414 tuum.

251 1432 379 1470 Dord-
411 1431 519 1478 Quid
537 1430 607 1475 ais,
627 1443 736 1477 crux,
756 1430 997 1468 stimulorum
1015 1430 1124 1469 tritor
1136 1433 1154 1470 ?
1175 1431 1367 1484 quomodo

411 1497 475 1522 me
491 1484 602 1522 hodie
620 1483 840 1522 vorsavisti!

255 1539 313 1577 Ut
343 1550 406 1576 me
442 1538 482 1576 in
516 1537 626 1575 tricas
659 1537 874 1585 conjecisti!
932 1535 1138 1583 Quomodo
1168 1537 1216 1575 de
1248 1537 1368 1578 Persa

411 1603 547 1628 manus
565 1590 661 1627 mihi
679 1590 782 1627 adita
796 1589 865 1629 'st!

258 1646 356 1683 Tox.
375 1644 404 1682 J
406 1643 560 1694 urgium
579 1643 668 1681 hinc
685 1643 848 1690 auferas,
865 1642 898 1681 si
915 1643 1051 1693 sapias.

574 1697 702 1734 Dord.
730 1696 801 1744 At,
821 1697 922 1734 bona
938 1696 1088 1745 liberta,
1106 1696 1188 1736 haec
1206 1696 1364 1747 scivisti,

251 1750 307 1788 Et
324 1762 387 1788 me
405 1749 603 1788 celavisti?

420 1804 530 1841 Lem.
560 1802 731 1841 Stultitia
749 1803 810 1851 'st,
830 1802 921 1854 quoi
938 1804 1035 1842 bene
1053 1816 1133 1842 esse
1149 1804 1252 1853 licet,
1273 1817 1363 1843 eum

542 1855 718 1905 praevorti
1309 1859 1363 1896 20

250 1909 417 1948 Litibus.
473 1909 663 1947 Posterius
680 1909 781 1949 istaec
795 1917 832 1948 te
849 1909 972 1959 magis
990 1923 1059 1960 par
1075 1923 1186 1962 agere
1196 1911 1257 1949 'st.

861 1964 987 2000 Dord.
1018 1964 1152 2002 Uritur
1169 1977 1232 2002 cor
1249 1963 1359 2002 mihi.

258 2018 355 2055 Tox.
386 2015 451 2054 Da
477 2016 535 2054 illi
559 2015 806 2054 cantharum:
837 2016 1036 2067 exstingue
1063 2017 1207 2069 ignem,
1238 2017 1270 2056 si
1298 2029 1363 2058 cor

407 2069 543 2117 uritur,
562 2078 676 2120 caput
692 2082 741 2108 ne
759 2069 936 2108 ardescat.

246 2125 377 2162 Dord.
407 2123 538 2162 Ludos
557 2135 620 2162 me
636 2123 783 2171 facitis3
802 2123 983 2174 intelligo.
