1435 2400
179 109 253 145 144
495 107 697 147 MERCA
704 107 833 146 TOR„
863 108 898 146 Ι.
926 111 961 145 2.

279 215 421 253 Acant.
451 214 543 254 Tibi
561 215 736 266 equidem
750 227 772 252 a
789 221 901 265 portu
919 221 1077 265 apporto
1094 216 1177 254 hoc.

683 269 804 307 Char.
830 267 937 315 Quid
956 268 1030 306 fers
1043 267 1061 304 ’ἓ
1089 268 1149 308 dic
1167 269 1275 307 mihi.

173 322 314 359 Acant.
343 320 450 369 Vim,
480 328 641 367 metum,
671 321 890 368 cruciatum,
919 333 1062 370 curam,
1088 323 1279 373 jurgium-

331 387 418 435 que,
439 382 552 426 atque
565 375 746 435 iuopiam.
1070 428 1078 435 .
1111 429 1119 436 .
1227 377 1279 413 50

174 428 293 466 Char.
313 427 451 488 Peri-1!—
469 435 511 465 tu
531 428 684 488 quidem
703 428 920 466 thesaurum
934 427 1010 467 huc
1026 428 1123 466 mihi
1141 441 1278 480 appor-

171 533 317 573 Nullus
330 487 454 572 Ξινῐιιξῃ
472 481 575 519 mah·

276 588 419 626 Acant.
452 587 579 625 Immo
599 600 637 625 es
657 615 666 624 .
687 614 696 624 .
720 615 729 624 .
752 615 761 625 .

439 641 561 679 Char.
590 639 701 679 Scio:
729 642 810 689 jam
829 640 1011 678 miserum
1030 641 1141 679 dices.

661 694 803 730 Acant.
833 694 898 731 Tu
917 693 1039 739 dixti;
1070 707 1139 745 ego
1159 701 1273 732 taceo.

173 748 294 786 Char.
322 745 430 794 Quid
447 745 544 784 istuc
562 755 618 785 est
635 747 727 784 mali
738 748 755 783 1>

273 801 414 839 Acant.
445 799 508 837 Ne
525 800 684 850 rogites:
706 812 933 838 maxumum
950 800 1200 838 infortunium
1216 802 1275 838 ’st-

80 856 99 881 θ
171 855 291 893 Char.
317 854 500 899 Obsecro,
527 853 686 891 dissolve
706 855 788 902 jam
813 865 899 890 me:
930 854 1041 891 nimis
1066 853 1132 891 diu
1156 854 1273 891 animi

375 906 484 943 ndeo.

167 961 309 999 Acant.
325 920 517 997 plelacide:
547 959 670 996 multa
688 958 884 1010 exquirere
906 959 1021 997 etiam
1045 959 1150 1010 prius
1173 960 1272 1006 volo,

324 1025 439 1063 quam
458 1012 650 1062 vapulem.
1222 1015 1273 1049 55

168 1068 288 1106 Char.
312 1065 465 1111 Hercle,
485 1077 585 1113 vero,
607 1063 817 1115 vapulabis,
838 1063 911 1102 nisi
925 1065 1007 1112 jam
1026 1065 1192 1115 loquere,
1208 1072 1275 1103 aut

327 1119 416 1156 hinc
435 1117 527 1156 abis.

163 1177 306 1211 Acant.
336 1172 423 1210 Hoc
442 1171 491 1209 sis
510 1170 607 1218 vide,
629 1178 672 1208 ut
690 1171 893 1222 palpatur!
923 1169 1100 1219 nullu’st,
1121 1171 1274 1222 quando

323 1226 478 1276 occepit,
499 1224 682 1262 blandior.

166 1281 286 1319 Char.
314 1279 494 1326 Obsecro,
518 1277 689 1325 (hercle)
710 1289 865 1328 oroque,
885 1285 945 1326 ut,
964 1277 1062 1316 istuc
1089 1277 1182 1329 quid
1210 1277 1272 1326 sit,

320 1342 492 1371 actutum
512 1331 676 1377 indices;

163 1385 487 1438 Quandoquidem
523 1384 619 1421 mihi
651 1383 945 1435 supplicandum
980 1384 1128 1422 servulo
1164 1383 1273 1422 video

321 1451 418 1477 meo.

160 1493 304 1531 Acant.
330 1490 504 1530 Tandem
524 1490 703 1542 indignus
722 1489 876 1528 videor!

483 1544 603 1582 Char.
634 1544 779 1590 Immo,
799 1542 950 1593 dignus.

650 1597 792 1633 Acant.
820 1595 1014 1646 Equidem
1034 1595 1186 1635 credidi.
1215 1597 1266 1635 60

163 1652 281 1691 Char.
314 1651 498 1697 Obsecro,
513 1662 609 1688 num
628 1650 733 1687 navis
751 1648 893 1700 periit?

594 1704 737 1741 Acant.
766 1702 879 1740 Salva
896 1702 945 1740 ’st
962 1703 1083 1751 navis,
1103 1716 1151 1742 ne
1163 1704 1268 1744 time.

161 1759 281 1798 Char.
310 1757 419 1806 Quid
436 1757 511 1795 alia
528 1755 791 1794 armamenta?

473 1811 615 1848 Acant.
645 1809 760 1847 Salva
778 1816 814 1846 et
833 1821 923 1847 sana
941 1816 1044 1848 sunt.

761 1863 880 1900 Char.
909 1863 1017 1911 Quin
1036 1871 1078 1902 tu
1098 1863 1266 1915 expedis,

153 1917 262 1966 Quid
291 1917 373 1965 siet,
406 1916 509 1968 quod
539 1928 603 1954 me
630 1928 698 1967 per
730 1917 864 1954 urbem
890 1928 1042 1955 currens
1070 1918 1267 1967 quaerebas

310 1970 438 2009 modo.

151 2025 294 2063 Aean&
322 2024 388 2062 Tu
407 2022 563 2075 quidem
581 2033 629 2061 ex
647 2034 710 2060 ore
728 2022 937 2062 orationem
955 2023 1053 2061 mihi
1071 2022 1196 2074 eripis.

866 2077 986 2115 Char.
1017 2076 1156 2114 Taceo.

971 2130 1115 2167 Acant-
1143 2129 1260 2168 Tace.

149 2185 285 2233 Credo,
306 2186 338 2223 si
355 2184 445 2223 boni
460 2184 552 2235 quid
571 2183 619 2222 ad
635 2191 670 2220 te
684 2183 874 2230 nuntiem,
887 2183 1002 2221 instes
1020 2182 1179 2228 acriter;
1211 2183 1261 2220 65
