1435 2400
342 85 776 126 MOSTELLARIA.
809 87 892 125 111.
921 88 958 125 2.
1122 87 1201 130 297

98 194 197 232 Sim.
225 193 383 233 Salvum
403 201 440 233 te
458 194 652 233 advenisse
669 204 822 244 peregre
840 193 1002 244 gaudeO,
1026 193 1201 232 Theuro-

281 247 372 286 ides.
1123 248 1141 284 1
1152 248 1199 285 18

105 259 344 338 Theur.pDii
363 308 400 338 te
417 307 556 338 ament.

494 356 595 393 Sim.
624 353 814 405 Inspicere
833 360 870 391 te
888 353 999 392 aedeis
1016 353 1085 392 has
1104 354 1201 392 velle

600 406 703 445 aibat
720 407 828 444 mihi.

102 460 207 497 Τιίεἰι
214 472 243 498 ν.
272 460 362 498 Nisi
380 460 451 498 tibi
469 460 755 498 incommodum
774 467 842 498 est.

443 515 545 552 Sim.
572 514 715 560 Immo,
736 513 992 552 commodum.
1047 513 1069 551 I
1088 513 1201 561 intro,

572 576 687 618 atque
704 567 857 618 inspice.
1130 567 1204 606 120

99 621 220 658 Tran.
246 620 305 658 At
323 620 424 658 enim
441 620 620 658 mulieres
638 646 649 657 .
668 649 678 658 .
700 648 708 657 .
730 648 740 658 .

316 675 415 711 Sim.
442 673 544 712 Cave
563 681 605 711 tu
625 674 744 712 ullam
766 674 971 712 floccifaxis
988 673 1203 712 mulierem.

92 725 277 772 Qualibet
293 728 519 778 perambula
537 726 648 765 aedeis
667 727 808 780 oppido
825 735 1024 779 tamquam
1042 735 1139 765 tuas.

97 781 241 818 Theur.
271 782 299 803 ‘⁶
321 780 542 831 Tamquam
554 780 602 816 ‘3³‘

402 835 523 872 Tran.
550 834 620 872 Ah
635 834 645 872 ἔ
676 847 766 873 mve
783 841 826 872 tu
845 833 902 872 illi
920 835 1082 884 objectes
1099 846 1203 872 nunc

516 887 556 925 in
575 888 815 938 aegritudine‚

86 940 151 979 Te
169 940 239 979 has
258 941 403 979 emisse.
458 941 551 979 Non
569 947 613 979 tu
630 940 734 979 vides
761 941 878 990 hunc,
907 941 1013 980 voltu
1040 947 1084 979 ut
1108 939 1205 979 tristi

250 1002 306 1031 est
324 1007 437 1032 senex
452 996 470 1032 ?

96 1047 152 1085 Th
159 1060 241 1085 eur.
270 1047 409 1086 Video.

300 1102 419 1139 Tran.
450 1102 571 1152 Ergo,
591 1101 744 1140 irridere
762 1114 811 1141 ne
828 1101 993 1150 videare,
1012 1108 1049 1139 et
1066 1100 1202 1152 gestire

460 1154 683 1203 admodum,
1122 1155 1199 1192 125

87 1208 183 1246 Noli
201 1207 323 1247 facere
341 1209 576 1247 mentionem
595 1216 632 1246 te
650 1209 797 1246 emisse.

222 1258 225 1261 ’
680 1263 823 1300 Theur.
854 1261 1059 1313 Intellig03

86 1316 140 1354 Et
157 1317 254 1354 bene
270 1314 459 1353 monitum
479 1315 576 1354 duco
590 1328 602 1361 3
633 1322 749 1367 atque
766 1324 802 1354 te
819 1315 1010 1353 existumo
1027 1315 1199 1354 humano

313 1381 409 1407 emo.

85 1422 192 1470 Quid
210 1381 344 1460 nffi?

203 1477 302 1515 Sim.
335 1474 443 1523 Quin
462 1483 504 1514 tu
521 1476 553 1515 is
571 1476 684 1525 intro,
706 1484 820 1528 atque
837 1476 953 1515 otiose
970 1482 1198 1527 perspectas,

365 1537 409 1567 ut
427 1530 535 1568 lubet
547 1530 565 1566 Ρ

90 1581 235 1620 Theur.
267 1582 375 1621 Bene
395 1583 635 1635 benigneque
653 1583 813 1622 arbitror
831 1591 868 1622 te
885 1583 1017 1621 facere.

591 1639 688 1676 Sim.
717 1637 882 1674 Factum
904 1634 1073 1687 (edepol)
1093 1636 1191 1674 volo.

91 1689 211 1726 Tran.
243 1689 415 1737 Vide’n’‚
436 1690 668 1728 vaetibulum
696 1699 783 1728 ante
802 1690 913 1728 aedeis
939 1689 1025 1738 hoc,
1054 1697 1090 1728 et
1114 1702 1197 1726 am-

243 1743 459 1790 bulacrum,
480 1744 726 1794 quojusmodi
740 1746 758 1782 ἓ
1118 1743 1194 1780 130

90 1796 233 1833 ΤΙιεαν.
266 1795 526 1834 Luculentum
544 1797 718 1846 (edepol)
735 1796 914 1848 profecto.

347 1851 468 1887 Tran.
495 1849 599 1900 Age,
619 1858 758 1900 specta„
778 1858 904 1901 postes
922 1849 1190 1900 quojusmodi!

82 1900 239 1947 Quanta
259 1900 436 1939 firmitate
453 1902 556 1947 facti,
575 1910 612 1940 et
630 1902 773 1953 quanta
791 1903 1033 1941 crassitudine
1050 1903 1076 1940 !'

89 1955 233 1991 leeur.
264 1955 352 1991 Non
373 1955 500 1993 videor
518 1955 652 1994 vidisse
670 1965 795 2006 postoe
813 1955 1058 2008 pulchriores.

860 2011 958 2048 Sim·
987 2009 1075 2056 Pol,
1094 2008 1189 2046 mihi

82 2060 143 2098 Eo
159 2061 280 2112 pretio
299 2060 391 2099 emti
409 2060 559 2099 fuerant
576 2061 682 2100 olim.

433 2115 551 2152 Trou.
580 2115 757 2159 Audi'n',
777 2119 806 2138 “
826 2115 1017 2163 fuerant‚”
1037 2114 1158 2153 dicere
1172 2115 1190 2151 Ρ

77 2165 157 2205 vix
175 2166 322 2206 videtur
341 2167 528 2206 continere
544 2167 744 2218 lacrymas.
