1435 2400
480 74 783 113 CURCULIO.
812 74 861 112 V.
888 77 925 111 2.
1193 68 1244 108 31

134 179 279 218 verum
298 179 495 217 mulierem
509 181 691 230 pejorem,
703 193 820 231 quam
834 180 915 217 haec
932 181 1053 217 amica
1066 178 1113 216 ’st
1127 178 1239 216 Phae-

130 286 219 323 Non
240 232 475 336 viffssldue
497 284 652 331 audivi3
680 298 804 338 neque
826 286 932 337 (pol)
955 285 1029 322 dici
1056 297 1124 341 nec
1144 233 1238 336 fing

129 392 255 441 Pejor,
280 346 408 442 {33¹⁵
426 392 507 430 haec
534 400 612 429 aet:
652 405 752 443 quae,
782 393 851 430 ubi
878 405 940 430 me
972 391 1110 429 habere
1130 391 1235 428 hunc

287 445 500 495 conspicata
519 444 566 483 ’st
583 446 784 492 annulum,
1211 446 1236 480 5

130 498 258 548 Rogat
285 498 387 536 unde
414 498 588 536 habeam.
647 501 674 520 “
695 499 802 546 Quid
833 498 873 536 id
902 506 944 535 tu
978 497 1235 548 quaeris?”—

288 554 316 573 “
337 551 441 598 Quia
458 552 554 589 mihi
572 552 730 603 quaesito
749 553 796 590 'st
813 552 1004 602 opus.”—

128 604 240 655 Nego
258 617 320 642 me
338 604 470 694 digne.
529 606 583 644 Ut
601 618 690 643 eum
709 605 878 656 eriperet,
898 617 1058 643 manum
1077 603 1236 654 arripuit

127 710 207 748 vix
233 670 610 802 ΐοτζοῗιᾙέἓῗῐίραί,
638 720 753 763 atque
771 711 900 762 effugi.
955 712 1094 763 Apage
1116 710 1234 749 istanc

287 776 391 802 came
457 777 510 802 m.

387 925 572 965 ACTUS
599 926 652 965 V.
708 926 895 966 SCENA
924 925 983 964 II.

211 1031 334 1068 PLAN
345 1041 494 1068 esum,
538 1033 861 1070 Pannnomus.
898 1033 1155 1071 Cuncumo.

447 1085 925 1124 THERAPON'HGONUS.

131 1193 246 1229 Plan.
276 1191 513 1237 Phaedrome,
533 1203 703 1242 propera.

395 1246 535 1282 Phaed.
561 1244 668 1292 Quid
686 1257 880 1295 properem
892 1244 910 1280 ⁰?

608 1299 730 1337 Plan.
756 1298 971 1335 Parasitum
990 1310 1037 1336 ne
1055 1299 1235 1338 amiseris.

128 1352 276 1403 Magna
293 1363 352 1389 τω
370 1357 438 1389 oet.

314 1405 454 1442 Phaed.
483 1405 606 1443 Nulla
625 1406 672 1443 'st
690 1404 810 1442 mihi:
840 1417 946 1453 nam,
966 1419 1084 1457 quam
1102 1406 1234 1452 habui,

393 1459 562 1497 absumsi
579 1457 757 1497 celeriter.

127 1514 245 1550 Plan.
274 1511 394 1550 Tene.

233 1566 371 1603 Plaaed.
398 1565 506 1612 Quid
523 1566 652 1615 negoti
673 1565 743 1603 '.st
734 1568 752 1593 ⁹

515 1620 633 1656 Plan.
663 1619 819 1669 Rogita,
838 1618 941 1688 unde
957 1618 1082 1659 istunc
1099 1621 1237 1660 haboet

615 1672 827 1710 annulum.

127 1726 241 1764 Pater
256 1725 376 1764 istum
393 1737 500 1764 meus
517 1726 722 1776 gestitavit.

698 1781 815 1818 Cure.
842 1779 901 1818 At
917 1792 1004 1819 mea
1021 1788 1234 1820 matertera.

125 1832 243 1870 Plan.
273 1831 403 1870 Mater
420 1832 454 1870 ei
471 1831 657 1870 utendum
675 1832 838 1871 dederat.

521 1887 605 1924 Cur
585 1898 637 1922 r.c
668 1886 780 1924 Pater
797 1895 886 1926 tuus
903 1900 1053 1926 rursum
1071 1888 1181 1926 mihi,
1208 1890 1235 1925 5

129 1939 246 1976 Plan.
277 1938 413 1989 Nugas
429 1939 558 1990 garris.

308 1993 430 2030 Cure.
457 1993 590 2031 Soleo:
620 2005 711 2030 nam
729 2002 880 2045 propter
897 2008 959 2033 eas
973 1995 1058 2033 vivo
1072 1995 1233 2033 facilius.

129 2044 238 2092 Quid
256 2044 386 2083 nunc?

311 2097 636 2189 PlanhiObsecro,
656 2101 890 2150 parenteisne
908 2114 1012 2140 meos
1031 2102 1127 2140 mihi
1152 2114 1238 2152 pro·

445 2151 545 2189 boes
558 2154 576 2177 ⁹
