1435 2400
252 59 331 100 310
522 58 953 98 MOSTELLARIA.
982 58 1033 96 V.
1065 58 1099 95 1.

252 165 403 214 Quojus
421 178 491 217 ego
507 166 571 204 hic
588 165 791 204 ludificabo
809 164 969 210 corium,
989 163 1020 202 si
1039 163 1138 210 vivo,
1157 164 1286 213 probe.

259 220 378 256 Tran.
398 219 475 257 Res
493 219 621 270 palam
641 220 699 256 'st-
743 219 784 256 N
787 230 860 255 unc
874 225 911 256 te
925 217 1050 255 w‘dere
1061 216 1242 264 meliu'st‚
1263 214 1356 266 quid

413 286 516 323 agas,
536 272 692 310 Tranio.
1305 269 1358 305 20

259 326 399 363 leeur.
429 326 550 363 Docte
568 333 682 376 atque
699 332 820 362 astute
838 324 934 362 mihi
952 322 1182 373 captandum
1201 330 1256 360 est
1269 333 1358 360 cum

410 379 511 425 illoc,
531 379 598 416 ubi
615 379 689 416 huc
709 378 912 415 advenerit.

252 432 344 470 Non
363 445 432 483 ego
450 433 507 469 illi
526 432 717 482 extemplo
734 431 787 468 ita
811 443 942 468 meum
961 429 1157 468 ostendam
1175 440 1325 467 sensum
1342 441 1355 465 ε

410 485 561 523 mittam
581 485 745 522 lineam:

250 538 510 577 Dissimulabo
529 551 591 576 me
607 538 744 576 horum
762 537 974 588 quidquam
993 536 1098 575 scire.

757 593 876 628 Tran.
905 591 943 629 Ο
962 590 1161 627 mortalem
1178 587 1352 626 malum!

247 645 360 683 Alter
377 646 449 684 hoc
469 645 633 684 Athenis
651 657 762 682 nemo
780 644 921 682 doctior
939 643 1013 682 dici
1032 650 1166 693 potest.

247 698 376 737 Verba
403 699 491 736 dare
517 699 574 736 ilh·
602 711 678 736 non
705 698 827 748 magis
854 696 966 734 hodie
992 696 1211 747 quisquam,
1237 706 1356 746 quam

406 751 539 802 lapidi,
558 759 691 803 potest.
1303 748 1356 784 25

246 804 462 856 Aggrediar
480 805 674 842 hominem
690 819 700 842 ε
731 803 941 855 appellabo.

484 860 626 896 leeur.
657 858 774 896 Nunc
793 870 876 907 ego,
895 857 960 895 ille
971 857 1049 894 huc
1067 855 1206 903 veniat,
1226 854 1354 893 velim.

253 914 371 951 Tran.
397 911 595 963 Siquidem
628 912 726 961 (pol)
757 923 820 948 me
851 910 1002 961 quaeris,
1032 921 1161 947 assum
1191 919 1354 960 praesens

404 964 580 1015 praesenti
599 964 680 1002 tibi.

251 1019 394 1056 Tleeur.
423 1019 550 1068 Euge,
573 1017 742 1056 Tranio!
765 1016 859 1068 quid
877 1016 1033 1068 agitur?

775 1072 896 1108 Tran.
925 1069 1099 1110 Veniunt
1115 1069 1195 1108 rui-i
1213 1067 1355 1107 rustici.

245 1124 484 1163 Philolaches
499 1125 581 1174 jam
598 1124 663 1163 hic
681 1123 815 1162 aderit.

489 1179 631 1216 Theur.
659 1177 826 1228 Edepol,
845 1176 941 1214 mihi
959 1183 1173 1227 opportune
1190 1174 1354 1214 advenit.

243 1231 430 1269 Nostrum
449 1244 519 1282 ego
537 1231 639 1269 hunc
657 1231 826 1269 vicinum
837 1230 970 1281 opinor
982 1242 1060 1268 esse
1073 1229 1269 1268 hominem
1287 1241 1358 1266 au-

399 1284 531 1322 dacem
550 1292 587 1322 et
604 1284 765 1322 malum.
1301 1282 1355 1320 30

251 1339 371 1375 Tran.
401 1337 610 1384 Quidum?

410 1392 554 1430 ΤΙιειιν.
584 1391 666 1436 Qui
683 1398 796 1443 negat
812 1391 960 1430 novisse
977 1403 1054 1429 vos.

649 1447 771 1483 Tran.
800 1444 958 1494 Negat?

842 1499 986 1535 leeur.
1015 1497 1100 1535 Nec
1118 1508 1185 1535 vos
1204 1496 1276 1535 sibi

242 1552 463 1589 Nummum
483 1564 657 1604 unquam
676 1551 821 1601 argenti
839 1550 996 1588 dedisse.

442 1607 563 1642 Tran.
592 1605 700 1652 Abi3
727 1603 828 1642 ludis
846 1616 925 1650 me,
943 1603 1076 1641 credo:
1098 1602 1204 1640 haud
1221 1610 1351 1654 negat.

249 1658 395 1695 lecur.
428 1658 535 1701 Quid
549 1658 658 1706 jam?

545 1713 666 1748 Tran.
694 1710 794 1759 Scio,
808 1709 946 1759 jocaris
964 1721 1067 1748 nunc
1085 1717 1128 1748 tu
1141 1724 1154 1748 ι
1181 1721 1273 1748 nam
1290 1709 1357 1749 ille

644 1763 799 1815 quidem
818 1763 923 1800 haud
939 1771 1066 1814 negat.

249 1818 390 1856 Tlteur.
421 1817 548 1854 Immo
569 1817 738 1868 (edepol)
755 1824 868 1868 negat
878 1816 1070 1866 profect03
1088 1829 1213 1868 neque
1231 1829 1270 1855 se
1285 1817 1356 1856 has

403 1870 514 1908 aedeis
534 1870 747 1908 Philolachi

242 1924 479 1963 Vendidisse.

445 1979 566 2015 Tran.
593 1976 704 2015 Eho!
737 1989 785 2014 an
804 1977 957 2028 negavit
974 1976 1047 2015 sibi
1064 1976 1200 2015 datum
1218 1987 1352 2026 argen-

545 2030 657 2068 tum?
687 2032 852 2068 obsecro.
1299 2029 1352 2066 35

246 2086 389 2124 lecur.
442 2084 547 2127 Quin
580 2083 850 2134 jusjurandum
879 2083 1069 2135 pollicitus
1100 2090 1157 2122 aet
1185 2083 1288 2131 dare,
1319 2081 1352 2120 si

398 2138 547 2185 vellem,
570 2137 679 2184 mihi,
