1435 2400
222 73 404 113 MILES
432 73 767 113 GLORIOSUS.
798 73 882 112 ΙΙΙ.
911 73 951 112 3.
1058 71 1134 111 231

20 179 231 231 Regionem
247 179 389 244 Afiigere
406 180 555 227 consili,
578 180 684 231 prius
709 192 827 231 quam
850 187 1037 231 repertam
1062 179 1135 217 ha-

21 286 139 324 Acro.
168 235 323 347 sliu-<331
335 286 560 325 faciundum
572 287 620 324 ’st
636 285 790 324 mulieri
806 286 908 324 male
922 295 1037 338 atque
1054 233 1141 324 mla?

19 392 81 431 Ea
108 340 434 454 sibihitigffiortalis
460 393 645 431 memoria
664 400 720 431 est
744 393 963 431 meminisse
985 399 1022 430 et
1040 405 1140 456 sem:

18 499 86 538 Sin
114 455 348 561 magnei-¹¹33:
367 507 436 538 aut
468 500 629 538 fideliter
657 499 884 538 faciundum
904 498 967 547 ἐι,
1000 511 1045 537 eo
1073 446 1139 536 dle?

18 562 436 660 Obliviostnendssltett'nplo
455 608 513 646 uti
531 608 651 653 fiant3
673 606 892 645 meminisse
910 612 1122 657 nequeunt.

19 661 154 710 Perip.
184 660 291 711 Ergo
304 662 402 700 istuc
417 670 562 710 metuo,
581 673 657 713 quo
672 661 776 699 venit
790 661 896 699 vobis
914 659 1141 698 faciundum

17 766 126 805 Nam
157 728 206 805 121²
208 722 534 818 Ἑῗᾏῖιὲῗωῆιῑ,
571 767 696 806 Militi
724 767 827 806 male
858 766 964 819 quod
995 764 1142 804 facietis

16 874 138 912 Acro.
166 823 350 913 fflaeixe
368 875 566 914 inscientes
587 875 681 927 quid
698 877 846 914 bonum
871 873 1073 921 faciamus,
1092 883 1142 909 ne

76 962 80 964 ,
178 928 352 966 formida.
1086 927 1141 963 20

24 981 138 1019 Mala
160 981 269 1041 nulla
290 981 470 1020 meretrix
489 989 545 1020 est
564 983 632 1034 (ne
649 981 782 1034 pave),
808 982 939 1033 pejora
962 980 1031 1019 ubi
1050 991 1142 1018 oon-

178 1042 347 1072 vemunt„

21 1089 155 1137 Perip.
185 1088 248 1125 Ita
266 1101 332 1126 vos
351 1087 467 1126 decet.
524 1087 830 1139 Consequimini.

465 1143 555 1179 Pal.
584 1141 700 1180 Cesso
719 1154 790 1192 ego
806 1141 884 1179 inis
903 1139 1055 1178 obviam
1073 1138 1141 1177 ire.

17 1194 161 1233 Venire
178 1195 330 1233 salvum
349 1195 508 1246 gaudeo.
562 1195 713 1246 Lepido
732 1194 910 1248 (hercle)
928 1201 1064 1232 ornatu
1083 1192 1144 1230 in-

179 1248 292 1287 cedit.

20 1304 155 1351 Perip.
187 1301 296 1340 Bene
328 1309 619 1353 opportuneque
651 1301 805 1340 obviam
842 1314 896 1350 ὅ,
930 1299 1144 1338 Palaestrio.

182 1354 314 1393 Hem!
346 1356 417 1394 tibi
435 1363 580 1403 assunt,

18 1408 129 1457 Quas
147 1420 210 1446 me
224 1409 372 1458 jussisti
390 1408 589 1455 adducere2
610 1416 647 1447 et
665 1421 743 1459 quo
758 1414 910 1447 ornatu.

530 1464 622 1500 Pal„
655 1462 793 1501 Heus!
824 1468 951 1500 noster
969 1468 1061 1499 esto.
1090 1462 1145 1498 25

20 1514 217 1553 Palmtrio
230 1513 540 1553 Acroteleutium
559 1516 712 1554 salutat.

519 1570 641 1607 Acro.
672 1569 773 1617 Quis
791 1568 854 1608 hic
877 1566 1053 1621 (amabo)
1074 1573 1145 1615 eet,

22 1621 106 1669 Qui
123 1628 202 1659 tam
222 1633 292 1673 pro
310 1621 401 1659 nota
417 1634 481 1660 me
498 1623 673 1660 nominat
686 1625 704 1661 ?

426 1678 560 1726 Perip.
588 1677 668 1715 Hic
685 1684 813 1715 noster
831 1675 1058 1715 architectus
1078 1680 1147 1712 aet.

30 1729 150 1765 Acro.
180 1728 306 1777 Salve,
325 1728 539 1767 architecte.

356 1784 444 1821 Pal.
473 1783 588 1822 Salva
605 1783 670 1822 sis.
708 1783 785 1822 Sed
802 1783 863 1821 dic
880 1782 990 1826 mihi,
1011 1779 1147 1832 ecquid

454 1836 516 1874 hic
535 1844 573 1875 te

27 1887 212 1928 Oneravit
230 1889 457 1939 praeceptis?

260 1943 396 1992 Per-ip.
426 1943 551 1980 Probe
570 1942 794 1981 meditatam
811 1951 1017 1994 utramque
1036 1940 1150 1978 duco.

29 1997 117 2035 Pal.
144 1994 295 2033 Audire
322 1996 450 2044 cupio,
475 1995 828 2046 quemadmodum:
867 2009 916 2034 ne
941 1995 1035 2047 quid
1063 2005 1152 2043 pec-

191 2048 295 2096 cetis,
315 2060 450 2099 paveo.
1094 2047 1119 2084 3

32 2103 168 2152 Perip.
197 2102 256 2139 At
282 2108 348 2138 tua
371 2109 582 2153 praecepta:
614 2103 661 2140 de
682 2116 769 2142 meo
790 2103 890 2142 nihil
914 2102 975 2141 his
1002 2111 1147 2139 novum

190 2167 372 2206 apposrn.
