1435 2400
215 79 395 118 MILES
423 77 760 118 GLORIOSUS.
790 78 875 116 ΙΙΙ.
903 80 943 116 2.
1053 78 1132 116 229

25 184 130 224 Nam
149 186 264 225 nimis
281 187 450 224 calebat:
480 186 705 224 amburebat
722 192 930 236 gutturem.
1086 186 1171 235 224,
1192 202 1202 207 ⁸

24 241 112 277 Pal.
141 240 222 277 Alii
239 239 334 278 ebrii
352 247 454 283 sunt,
475 239 542 277 alii
559 250 711 288 poscam
731 239 907 289 potitant.
1151 255 1157 260 ι

23 292 133 330 Bono
151 302 357 344 suppremo
377 300 413 330 et
431 305 565 343 promo
584 292 719 329 cellam
740 291 919 329 creditam
937 291 947 328 !

23 347 121 384 Luc.
154 347 216 384 Tu
239 346 404 391 (hercle)
423 345 525 383 idem
544 345 697 392 faceres,
717 344 750 382 si
769 345 838 382 tibi
858 352 951 381 esset
970 344 1135 383 credita:

17 399 217 443 Quoniam
237 399 409 437 aemulari
427 411 502 436 non
522 399 622 445 licet,
643 410 746 436 nunc
763 397 924 435 invides.
1085 399 1136 435 26

22 455 110 491 Pal.
128 453 241 491 Eho!
263 464 313 490 an
332 465 530 504 nunquam
550 451 710 503 promsit
729 451 890 489 antehac
902 450 921 487 ’ἑ
938 451 1136 502 responde,

178 507 310 545 scelus.

18 560 167 610 Atque,
186 568 230 598 ut
247 568 290 597 tu
309 560 400 598 scire
418 559 552 610 possis,
573 558 677 596 edico
696 558 781 605 tibi,
816 572 835 606 ,-

20 613 63 652 Si
80 613 174 651 falsa
192 613 306 660 dixis,
327 613 442 660 cocio,
464 612 737 650 excruciabere.
801 627 820 645 ’-
864 640 868 641 ⁷

21 667 118 704 Luc.
149 667 217 729 Ita
219 679 329 731 vfro,
348 674 393 704 ut
411 674 452 704 tu
471 666 571 726 ipae
570 678 632 704 me
650 664 791 703 dixisse
808 664 973 709 delices3
1029 693 1034 696 ⁴
1082 664 1137 703 30

22 718 193 758 Postea*e
176 717 307 771 sagma
325 727 394 770 ego
413 719 540 768 ejiciar
555 711 723 766 cellaria,
1040 723 1051 737 '

22 773 92 821 Ut,
112 773 182 811 tibi
199 774 267 825 qui
285 781 449 825 promat,
472 773 591 810 alium
611 784 864 824 suppromum
883 784 1004 823 pares.

21 828 113 865 Pal.
145 827 236 866 Non
257 826 424 878 (edepol)
444 825 595 864 faciam.
649 826 754 877 Age,
780 826 936 876 loquere
960 824 1138 863 audacter

21 936 118 973 Luc.
146 881 360 985 Nffiam
383 931 553 987 (edepol)
573 932 652 972 vidi
675 945 873 984 promere,
862 946 872 955 ·
903 944 1036 970 verum
1066 932 1139 971 hoc

21 1042 127 1080 Mihi
142 995 378 1092 ἰωεῗειεξαὺαῐς
407 1053 477 1091 ego
494 1041 716 1118 promebam
734 1047 876 1091 postea.
1081 1039 1135 1076 35

21 1098 109 1134 Pal.
141 1094 250 1132 Hui'
280 1093 522 1132 illecebrose.
554 1093 675 1144 capite
694 1093 850 1131 sistebas
869 1091 1032 1130 cadum.
1023 1093 1041 1117 ⁴>

23 1151 119 1187 Luc.
149 1149 239 1186 Non
262 1146 429 1197 (hercle)
450 1155 530 1184 tam
548 1147 641 1184 istoc
659 1146 782 1184 valide
800 1148 978 1184 casabant
997 1144 1094 1183 cadi.

22 1202 124 1242 Sed·
112 1215 153 1245 m
173 1201 274 1243 cella
288 1209 344 1239 est
360 1201 521 1260 paulum
540 1199 653 1237 nimis
670 1199 786 1237 loculi
803 1198 963 1243 lubrici,

21 1256 84 1294 Ibi
103 1261 181 1294 erat
199 1252 344 1292 bilibris
363 1252 523 1305 aquaIiS,
542 1253 606 1291 hic
624 1260 778 1304 propter
796 1252 918 1290 cados.

20 1310 81 1348 Ea
100 1321 198 1359 saepe
216 1308 336 1346 deciae
354 1307 614 1367 complebatur
633 1306 707 1344 die.
1083 1306 1135 1344 40

20 1363 121 1401 Eam
139 1362 292 1414 plenam
312 1369 426 1412 atque
443 1360 603 1423 inanem
604 1359 697 1408 ,fien
714 1371 940 1398 maxumam

20 1416 127 1455 Vidi.
181 1414 446 1453 Bacchabatur
463 1407 604 1458 hama;
634 1415 811 1451 casabant
825 1413 920 1451 cadi.

22 1471 108 1508 Pal.
139 1468 236 1513 Abi,
256 1468 319 1506 abi
336 1468 436 1506 intro
451 1468 545 1516 jam.
604 1466 718 1504 Vos
707 1479 746 1504 m
767 1467 863 1505 cella
882 1466 1027 1504 vinaria

18 1522 237 1563 Bacchanal
250 1521 394 1560 facitis:
413 1522 495 1570 jam
517 1518 684 1571 (hercle)
705 1533 775 1571 ego
793 1520 930 1558 herum
948 1520 1135 1558 adducam

175 1589 198 1614 a
215 1575 308 1614 foro.

19 1632 117 1668 Luc.
145 1628 272 1668 Perii!
311 1627 542 1667 excruciabit
571 1640 635 1665 me
665 1628 795 1675 herus,
826 1627 986 1666 domum
1016 1627 1047 1666 si
1071 1640 1135 1665 ve-

174 1682 285 1729 nerit,
1079 1683 1131 1718 45

20 1737 151 1785 Quom
169 1736 250 1774 haec
267 1736 367 1773 facta
384 1735 507 1782 scibit,
528 1733 620 1786 quia
639 1733 712 1772 sibi
730 1745 807 1770 non
826 1733 1000 1772 dixerim.

19 1790 186 1841 Fugiam
207 1787 373 1879 (alliercle)
391 1789 534 1840 aliquo,
554 1796 670 1840 atque
686 1788 759 1825 hoc
771 1787 812 1824 in
830 1787 933 1826 diem
952 1788 1135 1826 extollam

175 1854 216 1879 m
255 1854 336 1879 um.

20 1897 83 1935 Ne
101 1895 285 1941 ὤκει-ἰὼ,
304 1896 470 1943 obsecre,
488 1894 593 1943 huic,
614 1902 781 1934 vostram
801 1894 932 1933 fidem.

20 1951 107 1989 Pa&
134 1948 226 1996 Quo
244 1956 288 1986 tu
305 1947 414 1999 agis?

222 2003 320 2039 Luc.
351 2001 500 2040 Missus
517 2015 603 2040 sum
622 2002 720 2041 alio:
747 2002 830 2051 jam
849 2001 925 2039 huc
942 2012 1132 2040 revenero.

23 2059 109 2096 Pal.
139 2056 238 2105 Quis
255 2054 388 2092 misit?

228 2110 326 2147 Luc.
359 2108 694 2147 Philocomasium.

519 2163 606 2200 Pal.
638 2162 747 2207 Abi3
777 2169 949 2200 actutum
968 2160 1060 2198 redi.
1080 2161 1132 2197 50

75 2226 179 2253 v01..
202 2226 252 2253 11.
883 2224 910 2250 x
