1435 2400
276 72 457 112 MILES
485 71 820 112 GLORIOSUS.
850 71 926 111 lv.
953 74 991 111 4.
1111 75 1190 111 245

85 181 216 218 Pleas.
244 178 373 217 Facile
389 180 488 217 istuc
505 178 661 230 quidem
680 185 749 225 est,
770 178 801 217 si
819 185 856 215 et
874 178 942 216 illa
959 179 1052 227 volt,
1074 186 1112 218 et
1128 180 1194 218 ille

242 240 372 270 autem
389 233 507 284 cupit.
1145 234 1195 271 13

85 287 173 325 Pal.
204 285 294 323 Non
318 294 362 324 tu
390 287 474 333 scis,
504 298 622 337 quom
648 298 696 324 ex
724 284 801 323 alto
829 293 944 335 puteo
971 299 1122 324 sursum
1146 286 1195 324 ad

244 352 440 378 summum
459 339 679 385 ascenderis,

86 392 324 430 Maxumum
341 393 553 444 periculum
569 392 658 430 inde
673 403 765 439 esse,
783 404 804 428 a
819 404 970 430 summo
983 404 1031 431 ne
1045 405 1198 430 rursum

245 446 383 485 cadas?
1149 446 1196 483 15

87 499 205 538 Nunc
227 499 308 538 haec
328 513 388 539 τῶ
415 500 521 551 apud
548 511 745 539 summum
772 505 934 550 puteum
961 499 1127 550 geritur:
1169 499 1200 536 si

244 554 470 604 presenserit

87 606 220 654 Miles,
242 607 341 645 nihil
364 608 454 647 hinc
475 607 565 647 ferri
591 606 731 659 poterit
758 606 888 655 hujus.
944 606 1061 644 Nune
1083 618 1201 657 quam

244 673 429 701 maxume

89 713 204 766 Opus
224 722 278 751 est
296 714 406 753 dolis.

169 769 303 805 Pleas.
333 768 455 806 Domi
472 781 550 807 esse
567 768 616 806 ad
634 781 718 807 oem
737 779 816 806 rem
835 766 945 805 video
964 766 1067 805 silvae
1085 766 1173 804 satis
1188 780 1200 803 ε

88 821 275 860 Mulieres
293 829 391 860 troe:
422 830 580 874 quartus
605 829 687 860 tute
706 834 758 870 ω,
784 820 942 872 quintus
966 833 1050 871 ego,
1075 828 1205 858 sextus

250 887 380 914 senex.

93 929 185 967 Pal.
216 928 323 972 Quot
341 929 446 980 apud
463 941 532 968 nos
550 928 788 967 fallaciarum
807 935 863 967 ωε
881 927 1049 966 excisum
1066 928 1075 965 !
1108 934 1210 965 certo

251 983 326 1020 scio
1153 982 1206 1018 20

92 1034 297 1086 Oppidum
316 1010 478 1087 {uodvis
496 1034 646 1074 videtur
664 1049 772 1087 posse
789 1034 1001 1086 expugnari
1017 1033 1128 1072 dolis.

94 1088 197 1127 Date
214 1089 330 1127 modo
348 1101 513 1140 operam.

273 1143 392 1181 Acro.
420 1142 471 1181 Id
488 1153 558 1180 nos
575 1142 624 1181 ad
641 1150 693 1192 te,
713 1143 745 1181 si
763 1142 856 1194 quid
874 1141 1003 1189 velles,
1022 1140 1209 1180 venimus.

97 1197 188 1233 Pal.
217 1195 365 1246 Lepide
393 1195 528 1234 facitis.
586 1196 705 1234 Nunc
735 1196 835 1234 hanc
864 1196 934 1235 tibi
966 1207 1035 1246 ego
1065 1195 1211 1245 impero

253 1249 500 1300 provinciam.

94 1304 216 1341 Acro.
237 1303 480 1354 Impetrabis,
500 1303 719 1354 imperator,
733 1303 837 1355 quod
855 1316 926 1354 ego
943 1309 1085 1353 potero,
1107 1300 1211 1352 quod

258 1357 374 1395 volae.

98 1411 190 1448 Pal.
210 1409 381 1448 Militem
394 1409 535 1460 lepide,
552 1418 589 1448 et
600 1410 734 1458 facete,
749 1418 788 1449 et
799 1409 904 1448 laute
916 1408 1143 1448 ludificarier
1160 1409 1212 1446 25

97 1463 287 1556 velgero.
314 1517 565 1569 Voluptatem
584 1521 800 1565 (meoestor)
819 1515 944 1556 mihi
933 1528 1109 1568 impera-5.

476 1573 568 1610 Pal.
597 1572 651 1610 Et
668 1572 733 1612 sci'
735 1571 776 1610 n’
794 1578 837 1609 tu
855 1568 1213 1630 quemadmodum⁹

99 1624 216 1662 Acro.
237 1625 390 1677 Nempe
408 1633 453 1664 ut
471 1625 693 1664 assimulem
711 1638 775 1664 me
791 1636 919 1663 amore
935 1623 1045 1662 istius
1059 1622 1215 1662 differri.

857 1678 949 1716 Pal.
976 1677 1078 1716 Rem
1096 1685 1218 1715 tenes.

102 1731 222 1768 Acro.
252 1731 464 1784 Quasique,
493 1732 601 1771 istius
630 1744 745 1770 musa
772 1731 927 1779 amoris,
957 1743 1005 1770 ex
1031 1731 1103 1769 hoc
1130 1743 1216 1768 ma-

263 1785 442 1824 trimonio

104 1837 295 1886 Abia-im,
315 1839 471 1891 cupiens
487 1839 597 1878 istius
615 1851 764 1877 summe
780 1838 1017 1889 nuptiarum.

871 1893 963 1930 Pal.
993 1890 1169 1931 Ordine·
1158 1903 1214 1928 is:

105 1944 194 1983 Nisi
211 1943 325 1982 modo
342 1956 466 1983 unum
483 1945 578 1985 hoc·
599 1947 708 1985 hasce
726 1958 804 1984 esse
815 1944 928 1983 aedeis
946 1945 1048 1984 dioes
1063 1943 1218 2034 dotalgig

267 2005 376 2035 tuas:

108 2051 215 2092 Hinc
236 2063 365 2090 senem
386 2053 454 2091 abs
476 2059 515 2091 te
539 2053 689 2102 abiisse,
714 2060 919 2106 postquam
943 2052 1072 2090 feceris
1093 2050 1219 2088 divor·

266 2105 390 2151 tium;

108 2158 173 2198 Ne
187 2157 254 2198 ille
269 2170 363 2202 mox
381 2166 552 2200 vereatur
568 2160 723 2200 introire
739 2160 780 2198 in
801 2158 1158 2249 alienam3domum.

918 2221 949 2249 Y
