1435 2400
470 116 885 158 CURCUL10.111.
1175 114 1223 152 21

121 225 163 264 Si
180 225 301 276 magis
315 237 378 264 me
394 225 602 272 instabunt,
622 224 671 262 ad
687 231 888 276 praetorem
906 222 1095 261 sufferam.
1202 223 1228 260 6

124 279 281 317 Habent
296 278 399 317 hunc
414 291 560 317 morem
578 278 747 329 plerique
765 277 981 328 argentarii,

125 331 182 369 Ut
199 332 295 370 alius
314 332 431 370 alium
450 339 618 383 poscant,
636 331 795 369 reddant
813 330 980 369 nemim:

126 384 272 435 Pugnis
291 398 369 423 rem
389 386 549 432 solvant,
569 385 601 422 si
618 384 703 445 quis
720 392 849 436 poscat
867 384 1014 422 clarius.

124 436 206 484 Qui
223 438 338 476 homo
356 447 502 477 mature
521 438 694 489 qumvit
711 437 928 498 pecuniam,
1178 433 1228 471 10

125 490 214 528 Nisi
232 504 315 529 oem
333 499 480 530 mature
498 492 627 542 parsit,
647 499 795 529 mature
814 491 942 528 esurit.

126 543 250 595 Cupio
268 546 433 596 aliquem
452 547 574 583 emere
591 557 766 595 puerum,
788 544 856 595 qui
873 541 1066 581 usurarius

126 597 244 635 Nunc
260 598 357 636 mihi
375 606 590 650 quaeratur.
620 611 711 636 usus
729 605 784 635 est
799 597 972 647 pecunia.

129 651 246 689 Curc.
275 652 315 688 N
318 651 346 688 11
359 659 401 689 tu
415 665 478 690 me
492 660 663 689 saturum
677 651 890 689 monueris:
921 647 1080 687 memini
1095 652 1130 685 et
1145 645 1232 684 scio.

124 703 212 754 Ego
231 704 302 742 1100
321 704 493 743 effectum
511 705 634 756 lepide
653 704 723 742 tibi
741 704 912 741 tradam:
943 711 1036 741 tace.
1182 699 1233 735 15

125 756 290 808 Edepol..
309 770 368 796 nae
382 772 450 810 ego
468 758 532 796 hic
550 771 612 796 me
629 758 733 796 intus
751 757 900 807 explevi
917 757 1058 808 probe·
1046 784 1058 801 ‚

126 810 181 848 Et
199 811 353 862 quidem
371 811 507 863 reliqui
525 811 565 849 in
582 820 710 849 ventre
725 811 828 848 cellae
845 810 913 848 uni
930 810 1072 857 10011111,

126 863 207 902 Ubi
223 864 468 916 reliquiarum
486 865 662 916 reliquias
680 864 929 902 reconderem.

123 916 222 964 Quis
240 918 301 956 hic
320 926 384 962 est,
405 919 473 969 qui
490 928 618 969 operto
637 918 758 969 capite
778 919 848 955 [Es
835 916 1044 968 culapium

100 975 102 977 ’
129 970 301 1009 Salutat.
292 974 308 999 ⁹
338 973 441 1010 atat!
471 985 586 1023 quem
606 973 833 1022 quaerebam.
888 972 1052 1021 Sequere
1069 980 1143 1006 me.
1184 967 1237 1003 20

131 1023 328 1062 simulabo
346 1025 454 1075 quasi
471 1037 545 1063 non
565 1025 749 1063 noverim.
802 1025 914 1062 Heus
932 1032 999 1062 tu.
990 1023 998 1047 ¹
1030 1030 1068 1060 te
1086 1021 1183 1060 volo.

132 1077 231 1126 Lyc.
261 1078 446 1126 Unocule,
465 1078 577 1116 salve.

506 1133 622 1170 Cure.
651 1130 808 1178 QuaesQ
828 1129 1021 1167 deridesne
1037 1129 1132 1166 me?

135 1181 229 1232 Lyc.
257 1183 319 1221 De
333 1183 523 1222 Coclitum
543 1185 719 1234 prosapia
738 1192 774 1222 te
794 1195 871 1220 esse
889 1182 1071 1220 arbitror:

135 1236 270 1274 Nam
260 1236 288 1273 11
307 1244 395 1275 sunt
408 1238 574 1275 unoculi.

483 1292 601 1329 Cure.
630 1288 835 1341 Catapulta
852 1289 924 1326 hoc
941 1288 1060 1327 ictum
1079 1286 1128 1325 ’st
1145 1285 1242 1324 mihi

132 1341 254 1394 Apud
272 1342 485 1394 Sicyonem.

409 1397 468 1446 Ly
471 1409 501 1434 c.
531 1396 637 1434 Nam
655 1396 749 1448 quid
766 1395 807 1433 id
824 1394 936 1432 refert
953 1407 1055 1441 mea,
1188 1393 1241 1429 25

134 1448 203 1487 An
221 1448 310 1487 aula
329 1451 466 1501 quassa
485 1462 572 1487 cum
592 1450 714 1488 cinere
732 1449 887 1487 effossus
905 1447 1003 1486 siet?

139 1503 257 1541 Curc.
286 1503 573 1554 Superstitiosus
590 1503 652 1541 hic
666 1501 846 1554 quidem‘
851 1510 908 1539 st.
939 1514 1025 1539 vera
1039 1499 1243 1552 praedicat:

135 1555 240 1593 Nam
259 1555 355 1594 illaec
373 1557 572 1607 catapultae
591 1556 639 1593 ad
659 1569 722 1593 me
740 1557 868 1594 crebro
886 1562 1114 1592 commeant.

134 1608 380 1657 Adolescens,
400 1611 449 1647 ob
468 1610 742 1660 rempublicam
759 1609 831 1646 hoc
848 1609 952 1646 intus
969 1608 1064 1645 mihi

135 1661 252 1706 Quod
268 1662 416 1713 insigne
433 1662 568 1710 habeo,
589 1676 730 1714 quaeso,
750 1675 798 1700 ne
816 1675 879 1699 me
896 1661 1121 1699 incomities.
1191 1661 1245 1698 30

137 1717 235 1764 Lyc.
262 1715 418 1754 Licetne
435 1715 612 1762 inforare,
632 1716 663 1754 si
680 1715 913 1754 incomitiare
930 1726 1006 1752 non
1024 1714 1137 1752 licet?

143 1770 259 1807 Cure.
288 1770 329 1806 N
331 1782 379 1807 on
397 1769 576 1807 inforabis
594 1782 656 1807 me
676 1769 829 1820 quidem
845 1783 856 1806 :
886 1780 955 1806 nec
972 1767 1069 1805 mihi
1087 1767 1210 1819 placet

141 1821 275 1859 Tuum
293 1822 458 1871 profecto
476 1834 544 1860 nec
562 1821 703 1869 forum,
722 1835 790 1860 nec
808 1822 1018 1860 comitium.

137 1874 212 1913 Sed
230 1874 346 1922 hunc,
366 1888 479 1925 quem
499 1888 640 1926 quaero,
660 1882 952 1914 commonstrare
971 1874 1002 1911 si
1019 1882 1139 1925 potes,

141 1927 262 1966 Inibis
281 1940 304 1965 a
322 1940 385 1965 me
402 1927 561 1965 solidam
580 1938 616 1966 et
634 1928 815 1979 grandem
834 1927 1008 1978 gratiam.
1195 1926 1248 1963 35

142 1981 336 2032 Lyconem
355 1992 484 2032 quaero
501 1982 733 2032 trapezitam.

647 2036 746 2084 Lyc.
774 2033 850 2072 Dic
867 2032 978 2082 mihi,

142 2086 252 2135 Quid
269 2099 358 2126 eum
375 2098 479 2125 nunc
495 2087 660 2139 quaeris?
687 2096 755 2126 aut
772 2087 906 2136 cujatis
922 2089 940 2125 Ρ

835 2142 955 2180 Cure.
982 2139 1164 2191 Eloquar.

144 2194 210 2233 Ab
231 2193 565 2245 Therapontigono
583 2193 825 2244 Platagidoro
841 2192 973 2231 milite.
