1435 2400
465 88 768 130 CURCULIO.
792 89 844 129 V.
871 91 908 128 2.
1188 89 1241 128 33

138 195 256 235 Cure.
283 194 342 233 At
360 206 443 245 ego,
463 207 580 246 quem
597 195 697 243 licet,
717 203 769 235 te.

346 247 482 287 Phaed.
509 249 661 287 Accede
678 248 766 288 huc.

509 303 625 340 Ther.
655 303 815 341 Servum
833 302 1007 340 antestari
1023 302 1033 340 !
1064 303 1160 341 vide.
1190 303 1242 340 25

137 355 258 394 Cure.
285 354 391 393 Hem
407 354 418 392 !
449 363 493 394 ut
511 355 603 394 scias
620 369 683 394 me
701 355 866 394 liberum
884 367 975 393 esse.

392 409 509 447 Ther.
536 409 641 460 Ergo
659 409 814 447 ambula
831 408 869 446 in
886 409 966 458 jus.
1017 408 1124 447 Hem
1142 408 1211 447 tibi
1228 408 1242 446 ἰ

140 463 258 500 Cure.
285 461 324 502 Ο
339 461 450 509 civeS‚
470 462 592 500 civae!

328 516 444 554 Ther.
469 515 576 563 Quid
596 515 763 554 clamas?

531 570 665 608 Phaed.
694 569 800 618 Quid
817 569 936 607 istum
950 569 1019 608 tibi
1032 568 1144 607 tactio
1158 574 1213 606 aet
1224 566 1243 604 ἓ

144 623 261 661 Ther.
285 622 390 670 Quia
408 622 464 659 mi
482 623 635 660 libitum
654 623 714 661 'st.

418 677 560 714 Phaed.
586 675 737 714 Accede
756 676 833 715 huc
850 685 918 716 tu:
950 689 1019 728 ego
1037 677 1152 714 illum
1171 674 1244 713 tibi

520 729 670 777 dedam,
690 738 782 768 tace.

138 784 256 822 Curc-
284 782 522 830 Phaedrome,
543 784 708 829 obsecr0‚
729 796 834 823 serva
851 797 927 822 me.

371 837 511 876 Phaed.
543 836 761 887 Tamquam
782 851 844 877 me
858 846 894 876 et
913 837 1080 876 Genium
1098 847 1243 874 meum.

135 888 267 938 Mnus,
298 903 425 942 quaeso
457 897 501 927 ut
535 889 632 928 mihi
668 889 783 940 dicas,
821 891 923 930 unde
955 890 1075 929 illunc
1105 890 1245 927 habeas

294 943 497 990 annulum,
1190 943 1242 980 30

136 995 265 1044 Quem
283 996 467 1048 parasitus
483 996 546 1034 hic
563 1004 601 1035 te
619 997 742 1036 elusit.

557 1052 676 1088 Plan.
708 1052 783 1089 Per
800 1058 867 1089 tua
884 1063 1008 1102 genua
1024 1056 1061 1087 te
1078 1050 1243 1095 obsecro,

136 1102 193 1141 Ut
211 1114 278 1141 nos
296 1102 411 1142 facias
429 1103 612 1143 certiores.

526 1157 641 1193 Ther.
669 1156 776 1203 Quid
794 1156 889 1194 istuc
907 1156 955 1194 ad
973 1169 1039 1194 vos
1057 1152 1218 1193 attinet?

135 1208 325 1257 Quaeratis
353 1208 593 1260 chlamydem
616 1217 653 1247 et
676 1209 903 1248 machaeram
927 1209 1038 1257 hanc,
1068 1207 1171 1246 unde
1198 1205 1247 1245 ad

295 1276 358 1301 me
375 1262 596 1313 pervenerit.

142 1317 259 1355 Cure.
287 1316 343 1354 Ut
361 1315 504 1353 fastidit
522 1315 731 1365 gloriosus!

421 1370 534 1406 Ther.
564 1368 680 1406 Mitte
698 1369 814 1407 istum
832 1383 842 1405 ε
875 1381 943 1419 ego
962 1368 1086 1406 dicam
1105 1367 1251 1406 omnia.

141 1424 259 1462 Cure.
286 1421 398 1460 Nihil
418 1429 485 1467 est,
507 1421 694 1472 quidquid
712 1422 777 1460 ille
795 1422 897 1459 dicit.

451 1477 570 1513 Plan.
598 1475 676 1512 Fac
694 1488 756 1514 me
775 1475 981 1518 certiorem,
1000 1476 1164 1513 obsecro.
1191 1474 1243 1511 35

144 1530 259 1568 Ther.
286 1529 374 1580 Ego
391 1528 542 1566 dicam:
573 1541 696 1578 surge.
750 1529 864 1567 Hanc
882 1541 963 1567 rem
990 1528 1104 1579 agite,
1132 1536 1247 1578 atque

298 1582 471 1619 animum
490 1581 684 1619 advortite.

139 1636 253 1674 Pater
270 1649 377 1674 meus
394 1635 529 1673 habuit
547 1635 793 1686 Periphanes

691 1691 811 1726 Plan.
840 1687 1071 1739 Periphanes
1084 1689 1102 1725 ,⁹

146 1744 259 1780 Ther.
290 1743 345 1789 Is,
364 1742 588 1794 priusquam
606 1742 779 1791 moritur,
798 1742 895 1780 mihi
912 1741 1029 1789 dedit,
1049 1749 1248 1792 tamquam

301 1808 382 1839 suo,

140 1849 196 1888 Ut
214 1861 368 1900 aequum
385 1849 521 1897 fiierat,
540 1849 631 1887 filio.

542 1904 658 1940 Plan.
692 1903 768 1940 Pro
782 1902 959 1954 Jupiter!

148 1956 262 1993 Ther.
290 1955 344 1993 Et
361 1955 431 1994 iste
446 1968 510 1994 me
526 1955 713 1994 haeredem
732 1956 833 1994 fecit.

736 2011 854 2047 Plan.
883 2008 1010 2046 Pietas
1027 2019 1126 2056 mea,
1196 2007 1248 2044 40

141 2063 256 2100 Serva
273 2074 352 2107 me,
371 2061 524 2113 quando
539 2074 608 2113 ego
623 2071 659 2100 te
677 2062 820 2101 servavi
838 2061 982 2100 sedulo.

144 2115 275 2154 Frater
294 2115 364 2163 mi,
384 2115 498 2153 salve.

421 2169 536 2206 Ther.
567 2167 648 2211 Qui
666 2168 814 2207 credam
833 2169 931 2206 istuc
947 2179 1018 2217 ego
1032 2170 1049 2205 ?
1079 2165 1196 2211 Cede,
