1435 2400
235 82 310 119 132
512 81 904 122 MENAECHMEI.
931 83 984 122 V.
1011 85 1049 121 9.

487 190 600 227 Ilien.
618 203 722 228 surr.
751 189 880 227 Immo
897 188 1087 240 equidem,
1107 188 1332 237 adolescens,

603 256 700 281 meo.
1282 245 1333 281 20

233 294 366 332 Tuum
383 294 452 333 tibi
480 307 603 347 neque
621 308 802 347 occupare
820 307 943 346 neque
960 295 1158 347 praeripere
1174 297 1337 347 postulo.

232 349 337 385 illes.
365 347 434 385 Dii
451 349 705 387 immortales!
737 362 846 400 spem
869 349 1098 399 insperatam
1121 349 1207 386 date
1224 348 1333 397 mihi,

391 415 507 462 quam
526 403 704 454 suspicor.

231 454 351 501 Nam,
371 455 444 492 nisi
462 467 524 493 me
541 457 691 494 animus
710 455 822 502 fauit,
841 454 882 492 hi
900 461 989 492 sunt
1004 455 1147 506 gemini
1165 455 1335 506 germani

391 507 480 546 duo.

230 560 337 597 Nam
366 567 403 598 et
430 569 577 612 patrem
606 569 642 600 et
669 569 830 600 matrem
859 569 1156 600 commemorant
1183 561 1335 614 pariter,

393 615 460 665 qui
476 615 618 652 fuerint
636 615 718 653 sibi.

231 666 420 705 Sevocabo
437 667 583 705 herum.
639 668 890 707 Menaechme.

471 723 583 759 Men.
603 723 722 759 ambo.
752 722 860 769 Quid
878 721 962 759 vis?

764 777 869 813 Mes.
900 776 991 812 Non
1009 776 1140 813 ambos
1158 775 1257 813 volo.
1285 775 1336 811 25

231 825 307 865 Sed
324 834 408 865 uter
422 829 589 865 vostrum
607 835 663 866 est
675 828 852 867 advectus
869 840 1020 865 mecum
1039 829 1157 867 navi?

878 882 990 918 Men.
1011 894 1115 919 surr.
1143 882 1235 919 Non
1256 893 1340 932 ego.

232 934 348 971 Men.
369 935 455 971 Sos.
484 932 539 971 At
557 947 638 985 ego.

490 988 595 1024 Mes.
623 987 683 1025 Te
701 987 786 1025 volo
803 986 939 1037 igitur:
969 987 1045 1024 huc
1063 987 1232 1026 concede.

657 1042 770 1078 Men.
792 1042 874 1078 Sos.
903 1040 1091 1078 Concessi.
1130 1040 1237 1088 Quid
1255 1040 1338 1078 est?

233 1094 338 1129 Mes.
373 1091 459 1130 Illic
486 1093 602 1130 homo
632 1101 698 1131 aut
726 1093 957 1144 sycophanta
989 1100 1055 1131 aut
1083 1094 1257 1144 geminus
1286 1101 1342 1131 est

394 1145 506 1184 frater
524 1156 626 1184 tuus.

233 1199 338 1237 Nam
357 1211 425 1249 ego
439 1199 633 1238 hominem
647 1199 795 1238 homini
813 1199 1034 1238 similiorem
1048 1212 1247 1251 nunquam
1262 1199 1340 1238 vidi

392 1252 566 1290 alterum.

234 1306 372 1356 Neque
390 1318 490 1356 aqua
507 1319 630 1357 aquae,
650 1319 773 1357 neque
789 1306 886 1345 lacte
904 1313 960 1344 est
972 1306 1062 1345 lacti
1081 1306 1207 1357 (crede
1225 1306 1342 1353 mihi)

391 1371 557 1419 usquam
572 1359 749 1406 similius,
1288 1361 1341 1397 30

234 1411 366 1458 Quam
405 1411 468 1448 hic
504 1412 560 1449 tui
597 1420 665 1461 est,
704 1419 822 1464 tuque
856 1413 983 1461 hujus.
1040 1413 1176 1451 Postea
1212 1420 1341 1451 autem

394 1464 566 1502 eamdem
584 1441 745 1516 pati-iam
763 1478 806 1503 ac
823 1472 970 1516 patrem

231 1517 436 1555 Memorat.
492 1518 637 1556 Melius
666 1525 721 1556 est
744 1531 812 1556 nos
840 1518 957 1567 adire,
988 1526 1101 1570 atque
1127 1519 1230 1558 hunc
1255 1532 1342 1571 per-

400 1579 592 1609 contai-ier.

232 1624 339 1662 Men.
360 1625 439 1661 Sos.
469 1624 620 1672 Hercle,
642 1624 737 1676 quin
755 1632 799 1662 tu
816 1637 879 1663 me
895 1625 1127 1664 admonuisti
1148 1632 1271 1672 recte3
1303 1632 1341 1664 et

390 1676 510 1715 habeo
528 1678 701 1728 gratiam.

232 1731 355 1780 Perge
380 1743 533 1780 operam
559 1731 661 1779 dare,
685 1733 852 1780 obsecro,
881 1732 1030 1771 hercle:
1063 1732 1160 1772 liber
1182 1739 1275 1780 esto,
1307 1733 1338 1771 si

393 1795 540 1822 mvems

234 1837 353 1875 Hunc
370 1849 501 1874 meum
519 1837 674 1876 fratrem
692 1851 783 1879 esse.

342 1891 449 1928 Mes.
478 1891 609 1942 Spero.

525 1946 584 1982 M
582 1957 639 1982 en
661 1947 746 1984 Sos.
772 1946 827 1985 Et
845 1960 913 1998 ego
931 1946 1033 1985 idem
1051 1959 1158 1998 spero
1175 1946 1266 1984 fore.
1285 1946 1338 1984 35

235 1998 340 2034 Mes.
371 1995 480 2088 Qssd
499 1997 552 2035 ais
571 1998 642 2036 tu?
674 1999 977 2049 Menaechmum,
996 2000 1143 2052 opinor,
1161 2006 1198 2038 te
1216 1999 1339 2038 vocari

463 2063 554 2089 eras.

242 2105 383 2142 Men-5
387 2117 470 2141 โทยน.rr
501 2104 564 2143 Ita
582 2118 681 2144 vero.
