1435 2400
371 113 806 155 MOSTELLARIA.
834 114 892 153 ΙΙ,
925 115 957 152 1.
1133 114 1208 152 281

103 226 197 265 Jam
221 225 314 273 jube
342 222 463 261 efferri
488 222 617 259 intus:
645 221 758 259 hasce
784 234 853 271 ego
881 221 992 259 aedeis
1018 221 1215 260 occludam

263 277 353 315 hinc
370 276 470 313 foris.
1163 275 1215 312 58

106 333 253 371 Philol.
273 331 321 369 In
337 338 444 367 tuam
458 327 669 367 custodiam
680 340 819 379 meque
830 334 866 366 et
879 341 982 366 meas
998 340 1082 379 spae
1093 327 1214 375 trado,

266 383 423 422 Tranio.

113 441 234 477 Tran.
260 438 402 476 Pluma
418 435 524 474 haud
541 435 705 479 interest,
724 441 906 486 patronus
925 447 974 473 an
996 435 1110 473 cliens
1127 447 1216 486 pro·

294 491 352 528 ior
370 489 440 528 siet
1165 489 1217 526 60

107 546 150 584 Η
153 504 292 593 omini?
306 543 396 595 quoi
415 543 522 581 nqua
538 542 579 580 in
597 547 746 593 pectore
759 540 807 579 ‘st
825 541 994 581 audacia.

108 599 214 637 Nam
234 597 380 650 quoivis
397 596 557 643 homini,
573 595 634 633 vel
652 602 823 646 optumo,
843 595 904 633 vel
920 608 1113 647 pessumo,

109 652 298 699 Quamvis
316 650 490 688 doeubito
507 649 618 687 facile
631 647 679 686 ’st
696 648 818 687 facere
835 650 1032 700 nequiter:

112 705 258 743 Verum
276 704 315 742 id
333 703 540 742 videndum
552 706 615 748 ’st‚
633 702 674 740 id
692 702 762 740 viri
781 702 881 741 docti
895 704 942 741 'st
959 716 1070 755 opus,

111 758 213 806 Quae
231 758 426 809 designata
444 757 519 795 sint
537 764 575 794 et
591 756 690 794 facta
708 756 895 808 nequiter,
1169 757 1220 794 65

111 812 174 850 Ne
193 811 286 863 quid
304 811 484 863 patiatur,
504 811 752 862 quamobrem
769 810 897 861 pigeat
914 810 1039 848 vivere
1052 825 1064 848 ε

109 865 336 916 Tranquille
354 872 503 911 cuncta,
522 870 559 901 et
578 871 623 901 ut
639 864 863 914 proveniant
881 864 960 902 sine
978 864 1106 910 ma10;

111 919 218 957 Sicut
236 931 305 969 ego
324 917 498 964 efficiam,
519 930 605 968 quae
623 917 722 955 facta
739 917 804 955 hic
821 917 1074 965 turbavimus‚

112 971 287 1010 Profecto
304 980 348 1009 ut
360 971 533 1021 liqueant
550 970 692 1018 omnia,
713 977 750 1008 et
768 971 973 1021 tranquilla
991 972 1080 1019 sint,

112 1026 252 1077 Neque
270 1025 482 1075 quidquam
493 1023 603 1061 nobis
619 1023 769 1073 pariant
781 1036 828 1061 ex
843 1036 882 1061 se
899 1024 1142 1063 incommodi.
1171 1024 1223 1068 70

113 1078 189 1117 Sed
208 1077 302 1129 quid
320 1087 363 1115 tu
376 1076 588 1127 egrederis?
618 1076 744 1115 Perii!
776 1076 826 1114 oh
841 1077 851 1114 !
878 1078 962 1126 jam
972 1078 1055 1126 jam
1069 1085 1226 1128 optume

114 1131 316 1182 Praeoeptis
335 1130 495 1182 paruisti
510 1130 519 1167 !

507 1185 632 1221 Puer,
659 1181 790 1220 Herus
805 1182 918 1232 jussit
935 1196 1121 1223 maxumo

115 1238 244 1290 Opere
261 1250 379 1285 orare,
398 1244 443 1275 ut
460 1244 607 1288 patrem
626 1236 756 1287 aliquo
774 1238 996 1276 absterreres
1013 1237 1143 1286 modo,

116 1289 180 1332 Ne
196 1291 378 1330 introiret.
418 1290 555 1328 Adoet.

520 1346 643 1382 Tran.
672 1343 780 1392 Quin
799 1343 912 1382 etiam
931 1345 990 1382 illi
1010 1344 1081 1384 hoc
1099 1345 1227 1395 dicito,

117 1396 326 1438 Facturum
345 1410 421 1444 me,
442 1404 486 1435 ut
504 1409 553 1436 ne
572 1398 686 1436 etiam
705 1397 896 1449 adspicere
915 1398 1025 1437 aedeis
1043 1399 1179 1438 audoet
1194 1414 1207 1445 ;

117 1453 252 1504 Capite
270 1452 451 1490 obvoluto
470 1458 513 1490 ut
530 1451 654 1502 fugiat
672 1463 760 1490 cum
779 1463 931 1490 summo
949 1460 1068 1491 metu.
1175 1454 1228 1498 76

118 1506 268 1545 Clavim
288 1505 392 1566 ced0‚
412 1513 526 1557 atque
544 1505 607 1544 abi
625 1505 714 1544 hinc
732 1505 844 1553 intro,
866 1513 980 1557 atque
998 1507 1152 1546 occlude
1169 1519 1232 1546 osa

278 1567 375 1597 tium
389 1575 400 1598 ε

117 1614 172 1652 Et
190 1625 259 1664 ego
275 1612 365 1651 hinc
382 1613 591 1652 occludam.
627 1611 654 1651 J
656 1613 728 1650 ube
747 1612 874 1651 venire
890 1625 993 1653 nunc
1011 1615 1105 1653 iam.

118 1666 251 1706 Ludos
269 1679 338 1717 ego
355 1667 467 1705 hodie
485 1667 571 1705 vivo
588 1666 765 1717 praesenti
782 1666 847 1705 hic
865 1667 945 1705 seni

118 1719 296 1766 Faciam3
317 1721 420 1772 quod
438 1720 548 1759 credo
566 1727 716 1758 mortuo
734 1731 934 1772 nunquam
951 1721 1043 1760 fore.
1178 1724 1229 1762 80

120 1773 335 1813 Concedam
353 1787 376 1812 a
393 1774 536 1813 foribus
554 1774 654 1812 huc:
684 1774 773 1812 hinc
791 1775 1011 1825 speculabor
1028 1775 1175 1827 procul,

121 1827 236 1868 Unde
253 1827 468 1867 advenienti
485 1827 670 1867 sarcinam
686 1827 884 1879 imponam
903 1829 994 1867 seni.

909 2251 1023 2287 21³3
