1435 2400
205 79 284 124 276
482 79 915 120 MOSTELLARIA.
944 80 979 119 Ι.
1005 80 1043 117 4.

462 239 648 279 ACTUS
677 240 712 278 Ι.
766 240 952 280 SCENA
979 239 1057 278 IV.

209 344 594 384 CALLIDAMATES.
638 345 913 383 DELPmu-m.
958 345 1308 382 PmnoLAanS.

581 398 885 437 PmLEMATm
893 409 943 435 M.

214 505 354 544 Callia.
382 505 603 543 Advorsum
623 505 748 543 venire
767 504 862 541 mihi
881 503 928 541 ad
948 503 1209 542 Philolachem

209 558 310 596 Volo
329 559 500 609 tempori.
557 557 688 596 Audi:
718 557 832 595 hem!
864 558 932 595 tibi
949 557 1178 607 imperatum
1196 561 1263 595 est.

210 611 315 649 Nam
334 611 411 649 illic
429 611 496 649 ubi
514 611 584 658 fui,
604 610 692 648 inde
710 610 826 660 effugi
843 610 953 648 foras.

212 664 275 701 Ita
292 677 354 701 me
372 665 425 702 ibi
443 665 542 702 male
561 663 707 701 convivi
727 663 983 714 sermonisque

213 716 371 755 Taesum
410 726 476 755 est.
535 718 576 755 N
579 728 653 754 unc
689 716 932 754 comissatum
967 716 1032 754 ibo
1065 715 1118 758 ad
1149 714 1318 753 Philola-

372 770 533 817 chetem,
1295 769 1319 805 5

215 823 296 862 Ubi
315 835 381 860 nos
400 823 510 860 hilari
529 823 680 874 ingenio
699 834 735 861 et
752 822 876 874 lepide
894 822 1062 873 accipiet.

217 876 368 927 Ecquid
387 876 456 914 tibi
475 875 616 923 videor,
639 874 844 924 [mamma,
864 875 1014 914 madere
1028 876 1068 926 ?]

992 928 1134 978 Delph.
1161 927 1318 980 Semper

215 982 318 1020 Istoc
336 981 450 1019 modo
468 988 636 1020 moratus
654 982 778 1020 vivere
796 981 969 1020 debebas.

219 1037 360 1073 Callid.
389 1035 509 1072 Visne
528 1047 597 1085 ego
616 1041 666 1082 te,
687 1047 730 1072 ac
748 1041 827 1072 tute
845 1047 907 1072 me
925 1033 1179 1085 amplectare?

217 1089 359 1138 Delph.
388 1088 430 1126 Si
448 1088 517 1126 tibi
536 1087 637 1126 cordi
656 1095 712 1126 est
728 1087 862 1135 facere,
882 1087 981 1125 licet.

858 1142 997 1179 Calltd.
1026 1140 1172 1192 Lepida
1191 1153 1241 1180 ἃς.
1273 1141 1322 1179 10

217 1194 327 1232 Duce
345 1206 420 1242 me,
441 1195 588 1233 amabo.

487 1249 630 1297 Delph.
657 1247 759 1287 Cave
778 1260 826 1286 ne
844 1248 976 1286 cadas:
1007 1245 1126 1286 adst'a.

221 1301 362 1340 Callid.
391 1300 428 1339 O
445 1301 454 1338 !
490 1301 631 1339 ocellus
657 1314 697 1339 es
724 1314 856 1346 meus;
895 1309 984 1340 tuus
1013 1314 1099 1340 sum
1130 1301 1324 1347 alumnus,

377 1354 453 1391 mel
472 1367 601 1392 meum
618 1354 627 1391 2

219 1408 360 1456 Delplz.
391 1407 493 1445 Cave
509 1407 636 1454 modo,
657 1419 705 1446 ne
721 1408 825 1459 prius
843 1407 882 1445 in
903 1407 965 1446 via
982 1409 1196 1456 accumbas,

217 1459 348 1506 Quam
368 1459 458 1507 illic,
478 1461 546 1498 ubi
562 1461 681 1499 lectus
699 1470 754 1499 est
772 1468 923 1509 stratus,
944 1461 1099 1499 coimus.

223 1514 364 1551 Callid.
392 1513 496 1560 Sine,
517 1513 597 1551 sine
615 1514 745 1552 cadere
762 1526 837 1552 me.

498 1568 640 1616 Delph.
669 1567 783 1605 Sino:
812 1567 877 1605 sed
895 1573 932 1606 et
948 1567 1033 1615 hoe,
1054 1566 1157 1618 quod
1174 1567 1269 1606 mihi
1286 1567 1327 1605 in

609 1632 727 1657 manu
746 1627 824 1658 est:
1277 1621 1326 1658 15

219 1673 262 1712 Si
281 1672 403 1719 cades,
424 1684 501 1710 non
519 1671 641 1720 cadeS‚
657 1673 751 1724 quin
769 1672 902 1711 cadam
920 1679 1058 1711 tecum.

217 1726 247 1764 J
249 1725 410 1764 acenteis
429 1725 534 1763 tonet
552 1733 682 1776 postea
699 1738 766 1764 nos
784 1728 917 1765 ambos
934 1726 1083 1778 aliquis.

219 1778 357 1817 Madet
373 1778 501 1816 homo.

411 1832 551 1870 Callid.
585 1831 690 1870 Tun'
710 1844 773 1870 me
790 1832 857 1881 ais,
877 1845 1061 1880 mamma,
1080 1832 1232 1872 madere
1245 1836 1265 1873 ἓ

221 1886 365 1934 Delph.
397 1884 501 1923 Cedo
519 1897 703 1923 manum:
733 1885 822 1923 nolo
840 1886 1017 1937 equidem
1036 1894 1072 1924 te
1090 1886 1220 1937 affligi.

225 1940 365 1978 Callid.
395 1938 499 1976 Hem
515 1939 524 1976 !
555 1946 654 1987 tene,
674 1951 757 1990 age,
777 1939 791 1976 i
809 1940 936 1977 simul.
993 1939 1124 1987 Quo'd
1143 1952 1212 1991 ego
1229 1952 1328 1985 eam,

382 2003 431 2029 an
450 1991 520 2029 scis
534 1994 552 2030 ?
1276 1994 1330 2031 20

223 2045 365 2094 Dema.
393 2044 493 2084 Scio.

483 2099 624 2138 Callia.
653 2098 702 2136 In
720 2106 888 2138 mentem
907 2100 1010 2139 venit
1027 2099 1162 2145 modo;
1194 2111 1332 2152 nempe

597 2151 754 2190 domum
774 2165 818 2190 eo
