1435 2400
416 97 548 137 ΜΕΝ
549 98 808 138 AECHMEI.
836 99 871 137 Ι.
898 101 936 137 3.
1179 104 1228 142 89

425 205 525 242 Pen.
553 204 720 255 Captum
741 205 789 243 sit
806 205 1007 255 collegium
1026 220 1228 257 augurum.

120 262 232 299 chn.
260 256 458 308 Agedum,
478 257 632 295 odorare
656 257 755 296 hanc
773 271 890 308 quam
915 270 986 308 ego
1009 259 1129 298 habeo
1148 262 1230 310 pal-

274 312 353 349 lam
369 325 380 348 z
411 310 504 362 quid
522 311 597 348 olet
608 310 626 346 Ρ
653 311 816 350 abstines
828 314 846 349 ‚⁹
1177 317 1228 351 55

122 367 222 404 Pen.
254 365 460 403 Summum
487 363 664 402 olfactare
686 372 833 415 oportet
851 364 1117 404 vestimentum
1143 380 1229 405 mu-

275 418 416 464 liebre;

116 472 224 510 Nam
242 484 289 509 ex
308 471 402 509 istoc
418 471 501 508 loco
519 478 716 521 spurcatur
735 483 872 508 nasum
890 471 1002 509 odore
1019 471 1204 510 illutibili-

119 527 234 564 Men.
265 524 417 564 Olfacta
433 523 551 574 igitur
567 524 670 572 hinc,
690 524 871 562 Penicule
888 524 1025 576 lepide.
1081 525 1136 562 Ut
1153 526 1229 564 fas-

276 577 389 616 fidis!

389 632 489 668 Pen.
517 630 651 669 Decet.

119 687 235 724 Men.
264 683 373 732 Quid
391 683 541 735 igitur?
569 683 663 736 quid
682 684 788 722 olet?
816 683 1012 735 responde.

479 739 578 776 Pen.
608 738 788 784 Furtum,
808 744 989 783 scortum,
1009 737 1224 788 prandium.

113 793 229 830 Mn.
259 791 378 829 Nunc
395 791 445 829 ad
468 791 632 830 amicam
650 790 849 839 deferetur,
872 791 971 828 hanc
993 791 1227 829 meretricem

271 844 462 882 Erotium.
1173 846 1225 883 60

114 897 235 946 Mihi,
252 897 334 945 tibi,
350 905 464 948 atque
476 898 547 945 illi,
564 898 707 947 jubebo
721 898 803 946 jam
817 897 991 948 apparari
1008 897 1226 948 prandium.

89 962 93 964 ·
114 951 213 989 Inde
225 963 347 1002 usque
360 951 408 989 ad
423 951 601 989 diurnam
616 951 765 989 stellam
779 951 981 989 crastinam
999 952 1227 1002 potabimus.

114 1005 214 1043 Pen.
242 1004 434 1054 Expedite
450 1004 680 1043 fabulatu's:
708 1005 791 1053 jam
807 1004 918 1043 foreis
936 1004 1028 1042 ferio
1039 1003 1058 1039 ⁴?

961 1059 1074 1095 Men.
1107 1058 1207 1096 Feri.

113 1107 211 1147 Vae!
241 1122 354 1148 mane
373 1110 498 1148 etiam.

274 1165 372 1201 Pen.
400 1163 515 1201 Mine
532 1165 686 1215 passum
705 1162 973 1201 commoratu's
991 1163 1227 1201 cantharum.

113 1217 227 1254 Λίδη.
257 1216 409 1254 Placide
426 1217 546 1266 pulta.

434 1271 547 1308 Pem
561 1270 724 1319 Metuis,
744 1268 887 1317 (credo)
904 1280 953 1307 ne
970 1269 1067 1308 foroe
1084 1270 1226 1308 Samiae

545 1324 653 1362 sient.
1170 1324 1222 1361 65

113 1377 228 1414 Men.
256 1376 392 1423 Mane,
412 1387 538 1425 mane,
555 1379 720 1424 obsecro,
740 1375 888 1414 hercle:
918 1377 967 1414 ab
982 1388 1021 1414 se
1035 1388 1120 1414 ecca
1134 1376 1223 1415 exit.

729 1431 830 1467 Pen.
859 1427 898 1467 O
917 1429 927 1466 2
960 1430 1087 1467 Solem
1106 1429 1220 1467 vides.

115 1482 250 1522 Sati’n'
280 1490 324 1521 ut
351 1482 589 1522 occaecatu'st
611 1495 691 1533 prae
722 1482 839 1533 hujus
865 1483 1028 1535 corporis
1054 1482 1224 1521 candori-

272 1538 345 1576 bus
360 1539 377 1575 ?

377 1697 563 1740 ACTUS
583 1698 619 1736 Ι.
673 1697 860 1737 SCENA
881 1696 964 1736 111.

109 1807 348 1845 Eno'ricm.
373 1804 651 1844 ancnu‘s.
672 1804 986 1845 MENA-:cnmus
1005 1809 1220 1855 surreptus.

111 1913 225 1950 Erot.
253 1910 399 1949 Anime
416 1912 484 1960 mi,
505 1911 762 1960 Menaechme,
782 1911 909 1950 salve!

378 1966 475 2003 Pcn.
502 1965 611 2013 Quid
628 1965 727 2017 ego?

549 2021 662 2057 Erat.
693 2020 814 2057 Extra
832 2031 1035 2056 numerum
1055 2031 1093 2056 ω
1111 2018 1219 2055 mihi.

113 2074 210 2111 Pen.
243 2071 351 2110 Idem
378 2072 472 2110 istuc
496 2071 579 2111 aliis
602 2072 834 2123 adscriptivis
863 2071 912 2110 ad
930 2071 1118 2123 legionem
1140 2070 1217 2109 fieri

268 2125 372 2163 solet.

941 2188 955 2214 1
976 2179 1001 2213 3
