1435 2400
461 72 766 113 CURCULIO.
796 74 856 112 ΙΙ.
885 75 923 112 3.
1199 78 1247 123 17

329 179 469 217 Phaed.
497 179 606 227 Quid
623 180 655 218 si
673 179 852 218 adoemus
865 182 883 218 ?
912 180 1020 228 heus,
1042 181 1247 221 Curculio!

427 240 466 270 te
482 234 580 271 volo.

140 286 258 324 Cure.
286 283 386 333 Quis
403 293 512 324 vooet
525 288 543 325 ?
571 286 657 337 quis
675 286 846 324 nominat
864 286 955 324 me?

484 341 620 378 Phaed.
650 339 732 386 Qui
748 346 785 377 te
803 347 1031 378 conventum
1049 341 1166 392 cupit.
1195 344 1247 380 25

139 393 256 432 Cure.
285 392 406 431 Haud
422 393 544 443 magis
563 394 682 443 cupis,
703 405 819 443 quam
839 406 908 444 ego
928 401 964 431 te
981 393 1104 443 cupio.

626 448 767 484 Plzaed.
798 446 836 484 O
855 459 940 484 mffl
959 447 1218 497 opportunitas
1235 449 1244 486 Ξ

136 497 317 537 Curculio
335 507 524 550 exoptate,
545 499 671 538 salve!

589 555 707 592 Cure.
733 552 870 591 Salve!

756 607 889 644 Phaed.
922 605 1080 644 Salvum
1099 607 1249 657 gaudeo

133 657 194 696 Te
211 657 398 698 advenire.
455 659 559 698 Cedo
578 666 686 697 tuam
703 659 800 697 mihi
820 659 1006 697 dextram.
1063 661 1143 699 Ubi
1162 669 1251 699 sunt

291 725 378 764 spae
395 725 492 751 meae
502 713 520 749 ⁶?

130 765 336 817 Eloquere,
356 767 520 815 obsecro,
541 767 679 805 hercle.

286 820 403 858 Cure.
432 819 624 872 Eloquere
641 822 698 867 (te
716 818 904 870 obsecro),
923 819 991 858 ubi
1009 827 1100 859 sunt
1116 832 1213 859 meae
1227 823 1245 859 ?

133 873 273 911 Plzoed.
303 872 413 920 Quid
430 873 501 912 tibi
521 874 567 911 'st
582 873 600 910 ?

354 927 472 965 Cure.
501 927 688 965 Tenebrae
706 926 955 973 oboriuntur3
975 939 1102 977 genua
1118 926 1247 966 inedia

475 980 684 1018 succidunt„
1190 981 1243 1017 30

132 1032 265 1071 ΡῘιιεᾱ.
294 1032 551 1079 Lassitudine,
574 1033 739 1079 (hercle)
758 1033 879 1071 credo.

523 1088 640 1125 Curc.
670 1086 825 1131 Retine,
844 1085 963 1124 retine
980 1099 1057 1133 me,
1077 1086 1244 1124 obsecro.

131 1139 271 1176 Phaed.
290 1138 448 1176 Vide’n’
464 1147 507 1178 ut
521 1139 706 1191 expalluit
723 1139 734 1176 2
764 1138 914 1177 Dati’n’
932 1139 994 1177 isn'
1013 1139 1161 1186 sellam,
1177 1139 1245 1176 ubi

287 1191 441 1239 assidat,
461 1194 548 1240 cito,

130 1245 184 1284 Et
200 1245 377 1297 aqualem
394 1257 484 1284 cum
501 1245 603 1297 aquit
620 1247 637 1284 Ρ
671 1244 915 1297 properati’n’
935 1257 1051 1296 ocyus
1065 1247 1083 1283 ?

752 1300 870 1337 Cure.
897 1298 1046 1337 Animo
1063 1298 1164 1336 male
1184 1296 1245 1337 ’st-

130 1353 270 1391 Phaed.
297 1349 406 1391 Vi’n’
426 1363 568 1402 aquam
585 1353 603 1390 ἓ

461 1407 580 1444 Cure.
608 1404 650 1443 Si
667 1404 894 1442 frustulenta
913 1404 974 1451 ἐι,
994 1404 1057 1454 da,
1077 1406 1241 1452 obsecro,

581 1457 719 1506 hercle,
739 1459 974 1497 obsorbeam.

130 1513 269 1553 Phaed.
296 1512 370 1552 Vae
387 1511 501 1563 capiti
518 1511 606 1550 tuo!

367 1567 487 1605 Cure.
510 1564 694 1613 Obsecro,
713 1565 854 1613 hercle,
873 1564 1000 1613 facite,
1020 1572 1178 1603 ventum
1198 1572 1243 1602 ut

465 1618 668 1669 gaudfflm.
1184 1619 1237 1657 35

128 1674 262 1714 Phaed.
290 1672 495 1712 Maxume.

292 1729 413 1767 Cure.
440 1724 548 1774 Quid
565 1723 702 1772 faciti-⁴5,
721 1723 878 1776 quaeso?

374 1786 378 1789 ’
626 1779 763 1816 Ραῖἱη.
793 1778 979 1817 Ventum.

676 1833 796 1871 Cure.
823 1832 928 1871 Nolo
948 1831 1128 1884 equidem
1146 1830 1244 1869 mihi

127 1886 229 1926 Fieri
246 1885 460 1924 ventulum„

233 1940 374 1977 Phaed.
405 1937 512 1982 Quid
528 1937 645 1990 igitur
662 1938 719 1976 vis
730 1937 749 1975 2

523 1993 644 2031 Cure.
671 1992 781 2038 Esse,
801 1999 846 2030 ut
864 1999 1021 2030 ventum
1041 1990 1245 2043 gaudfflm,

128 2048 269 2087 Phaed.
296 2045 450 2097 Jupiter
467 2053 505 2084 te
521 2044 667 2096 Diique
683 2045 866 2097 perdant!

569 2100 686 2137 Curc.
717 2099 845 2145 Perii3
875 2098 1062 2150 prospicio
1080 2109 1216 2149 parum
1231 2111 1243 2143 ς

943 2161 966 2187 c
996 2153 1021 2188 3
