1435 2400
335 90 774 131 MOSTELLARIA.
802 90 883 129 ΙΙΙ.
914 92 950 128 2.
1121 92 1200 131 295

103 199 222 235 Tran.
251 197 364 236 Nihil
381 199 605 251 quidquam.

391 254 489 290 SIm.
520 253 561 290 N
564 250 727 302 umquid
745 251 951 301 increpavit
969 251 1092 288 filium
1109 253 1127 289 Ρ
1157 251 1209 288 63

103 305 223 342 Tran.
250 305 353 343 Tam
370 305 585 357 liquidu'st,
606 317 723 357 quam
741 304 888 355 liquida
907 317 986 343 esse
1005 312 1208 356 tempestas

257 359 361 396 solet.

94 411 138 449 N
139 423 213 449 unc
232 419 268 449 te
285 412 357 450 hoc
375 425 480 451 orare
494 413 606 462 jussit
626 425 736 463 opere
753 423 952 459 maxumo,
1156 411 1208 448 65

97 465 154 503 Ut
173 465 244 503 sibi
261 465 388 504 liceret
406 466 588 517 inspicere
603 466 672 504 has
690 465 800 504 aedeis
819 473 916 503 tuas.

99 520 200 556 Sim.
228 519 322 556 Non
339 527 427 557 sunt
446 520 618 558 vaenales.

385 575 504 611 Tran.
533 573 618 612 Scio
638 572 814 623 equidem
833 572 942 609 istuc.
999 570 1075 610 Sed
1094 583 1210 610 senex

99 624 332 676 Gynaeceum
351 625 534 664 aedificare
552 627 631 664 volt
648 627 713 664 hic
730 626 771 663 in
790 625 881 672 suis,

96 678 153 716 Et
169 678 351 726 balineas,
371 686 407 716 et
424 680 702 727 ambulacrum,
723 686 761 717 et
778 679 982 730 porticum.

100 733 200 770 Sim.
225 731 334 779 Quid
352 733 624 771 consomniavit
637 733 655 769 ἱ)

586 788 705 825 Τναη.
734 787 821 837 Ego
839 785 963 824 dicam
981 785 1075 824 tibi:
1158 785 1210 829 70

97 837 203 877 Dare
220 840 299 878 volt
315 853 475 879 uxorem
493 840 586 887 filio,
607 847 795 891 quantum
813 847 936 890 potoet
951 854 962 877 :

98 893 166 931 Ad
186 906 270 931 ωτι)
289 907 370 932 rem
388 894 509 933 facere
527 894 605 932 volt
624 906 768 931 novum
787 905 1022 943 gynaeceum.

86 946 142 984 N
143 959 206 984 am
225 947 296 984 sibi
314 947 489 985 laudasse
505 947 617 984 hasce
635 947 688 984 ait
706 946 995 984 architectonem

99 999 143 1036 N
145 999 390 1050 fficio-quem,
411 1013 490 1037 oese
508 999 709 1037 aedificatas
727 999 796 1037 has
815 1011 904 1037 sane
921 1001 1029 1037 bene.

101 1052 221 1091 Nunc
237 1053 327 1091 hinc
346 1053 566 1104 exemplum
585 1065 716 1103 capere
734 1052 828 1097 volt,
849 1052 922 1089 nisi
940 1060 982 1090 tu
1000 1051 1117 1090 nevis.
1159 1053 1211 1097 75

102 1107 203 1145 Sim.
224 1106 312 1153 Nae,
326 1106 390 1144 ille
404 1106 506 1144 malo
519 1105 675 1156 quidem
687 1107 735 1144 ab
747 1118 859 1156 opere
873 1105 1093 1156 exemplum
1105 1106 1214 1156 petit.

108 1161 229 1197 Tran.
259 1159 364 1207 Quia
382 1159 446 1198 hic
464 1159 610 1197 audivit
627 1172 705 1197 esse
724 1166 892 1197 aestatem
911 1160 1142 1210 perbonam:

101 1213 251 1251 Subdiu
270 1213 341 1251 coli
359 1214 501 1264 absque
520 1212 597 1250 sole
615 1219 842 1263 perpetuum
861 1211 975 1250 diem.

101 1268 201 1305 Sim.
232 1266 374 1314 Immo,
395 1266 565 1318 (edepol)
583 1278 685 1313 vero,
700 1277 818 1317 quom
836 1278 1111 1317 usquequaque
1127 1279 1215 1304 um-

263 1321 332 1358 bra
352 1320 412 1367 'st,
433 1329 561 1358 tamen

103 1374 170 1413 Sol
189 1387 335 1424 semper
352 1373 416 1412 hic
434 1381 489 1411 eet
507 1386 630 1425 usque
648 1386 670 1411 a
685 1372 792 1411 mani
810 1372 859 1410 ad
876 1385 1076 1424 voeperum
1091 1387 1104 1420 ;
1161 1375 1213 1412 80

101 1426 226 1474 Quasi
244 1427 433 1478 flagitator
450 1427 574 1464 adstat
591 1440 714 1477 usque
732 1426 780 1465 ad
797 1426 948 1464 ostium.

103 1481 189 1520 Nec
205 1480 303 1518 mihi
326 1481 461 1519 umbra
479 1491 644 1531 usquam
664 1480 725 1529 ’st,
750 1480 824 1518 nisi
851 1479 882 1518 si
908 1480 946 1517 in
975 1487 1091 1531 puteo
1110 1493 1216 1531 quae-

290 1534 368 1572 iam
386 1533 446 1571 'st-

110 1589 231 1626 Tran.
260 1548 382 1636 guid,
410 1587 611 1626 Sarsinatis
630 1600 749 1639 ecqua
769 1587 816 1625 ’st
829 1589 846 1624 Ρ
876 1587 907 1625 si
925 1587 1116 1626 Umbram
1137 1599 1214 1626 non

263 1641 391 1679 habes.

102 1697 200 1734 Sim.
233 1695 424 1733 Molestus
441 1706 490 1733 ne
508 1695 583 1733 sis:
613 1695 695 1733 haec
714 1702 802 1733 sunt
820 1694 918 1732 sicut
934 1695 1109 1746 praedico.

110 1751 230 1787 Tran.
258 1748 445 1786 Attamen
463 1748 645 1800 inspicere
663 1749 753 1786 volt.

622 1803 721 1840 Sim.
749 1801 945 1852 Inspiciat,
966 1801 999 1839 si
1015 1801 1133 1839 lubet.
1164 1802 1215 1840 85

104 1856 148 1895 Si
166 1854 258 1907 quid
278 1854 349 1892 erit
367 1854 470 1905 quod
487 1855 545 1893 illi
562 1855 724 1906 placeat,
745 1855 792 1893 de
811 1855 988 1905 exemplo
1005 1866 1092 1893 meo

103 1909 194 1961 Ipse
213 1907 409 1947 aedificato.

276 1963 397 1999 Tran.
425 1960 525 1999 Eon’
540 1963 558 2000 ?
587 1974 678 2000 voco
695 1961 771 2000 huc
788 1961 986 2000 hominem
1002 1963 1021 2000 Ρ

929 2017 1027 2054 Sim.
1058 2015 1094 2062 I,
1115 2027 1219 2053 voca.

112 2070 235 2107 Tra-n·
265 2067 534 2106 Alexandrum
565 2068 776 2120 Magnum,
806 2076 920 2120 atque
944 2067 1214 2120 Agathoclem,

265 2122 375 2160 aiunt
393 2134 596 2160 maxumas

106 2175 199 2215 Duo
215 2188 274 2216 τω
292 2175 458 2227 gessisse.
511 2174 617 2223 Quid
635 2176 731 2215 mihi
749 2176 814 2216 fiet
831 2174 954 2219 tertio,
