<?xml version="1.0" encoding="UTF-8"?>
<!DOCTYPE html PUBLIC "-//W3C//DTD XHTML 1.0 Transitional//EN"
    "http://www.w3.org/TR/xhtml1/DTD/xhtml1-transitional.dtd">
<html xmlns="http://www.w3.org/1999/xhtml" xml:lang="en" lang="en">
 <head>
  <title>
</title>
<meta http-equiv="Content-Type" content="text/html;charset=utf-8" />
  <meta name='ocr-system' content='tesseract 3.04.00' />
  <meta name='ocr-capabilities' content='ocr_page ocr_carea ocr_par ocr_line ocrx_word'/>
</head>
<body>
  <div class='ocr_page' id='page_1' title='image "./comoediaesupers02plauuoft_0351.png"; bbox 0 0 1435 2400; ppageno 0'>
   <div class='ocr_carea' id='block_1_1' title="bbox 500 76 1247 117">
    <p class='ocr_par' dir='ltr' id='par_1_1' title="bbox 500 76 1247 117">
     <span class='ocr_line' id='line_1_1' title="bbox 500 76 1247 117; baseline 0.003 -3"><span class='ocrx_word' id='word_1_1' title='bbox 500 76 695 117; x_wconf 83' lang='lat' dir='ltr'>PERSA.</span> <span class='ocrx_word' id='word_1_2' title='bbox 725 77 802 116; x_wconf 87' lang='lat' dir='ltr'><strong>IV.</strong></span> <span class='ocrx_word' id='word_1_3' title='bbox 831 77 869 115; x_wconf 89' lang='grc'><strong>3.</strong></span> <span class='ocrx_word' id='word_1_4' title='bbox 1166 79 1247 117; x_wconf 88' lang='grc'><strong>343</strong></span> 
     </span>
    </p>
   </div>
   <div class='ocr_carea' id='block_1_2' title="bbox 98 183 1240 1464">
    <p class='ocr_par' dir='ltr' id='par_1_2' title="bbox 98 183 1240 1464">
     <span class='ocr_line' id='line_1_2' title="bbox 117 183 1240 236; baseline 0 -14"><span class='ocrx_word' id='word_1_5' title='bbox 117 183 172 222; x_wconf 91' lang='lat' dir='ltr'><strong>Et</strong></span> <span class='ocrx_word' id='word_1_6' title='bbox 190 183 347 222; x_wconf 81' lang='lat' dir='ltr'><strong>familiae</strong></span> <span class='ocrx_word' id='word_1_7' title='bbox 364 184 484 222; x_wconf 87' lang='lat' dir='ltr'><strong>omni.</strong></span> <span class='ocrx_word' id='word_1_8' title='bbox 539 184 581 222; x_wconf 90' lang='lat' dir='ltr'><strong>Si</strong></span> <span class='ocrx_word' id='word_1_9' title='bbox 600 184 746 233; x_wconf 83' lang='lat' dir='ltr'><strong>valetis,</strong></span> <span class='ocrx_word' id='word_1_10' title='bbox 766 184 927 236; x_wconf 81' lang='lat' dir='ltr'>gaudeo.</span> <span class='ocrx_word' id='word_1_11' title='bbox 1187 184 1240 223; x_wconf 89' lang='lat'><strong>33</strong></span> 
     </span>
     <span class='ocr_line' id='line_1_3' title="bbox 114 237 1095 289; baseline -0.001 -14"><span class='ocrx_word' id='word_1_12' title='bbox 114 237 204 288; x_wconf 88' lang='lat' dir='ltr'><strong>Ego</strong></span> <span class='ocrx_word' id='word_1_13' title='bbox 219 237 329 276; x_wconf 78' lang='lat' dir='ltr'><strong>valeo</strong></span> <span class='ocrx_word' id='word_1_14' title='bbox 346 244 458 286; x_wconf 80' lang='lat' dir='ltr'><strong>recte,</strong></span> <span class='ocrx_word' id='word_1_15' title='bbox 481 244 518 275; x_wconf 91' lang='lat' dir='ltr'><strong>et</strong></span> <span class='ocrx_word' id='word_1_16' title='bbox 535 250 614 276; x_wconf 88' lang='lat' dir='ltr'><strong>rem</strong></span> <span class='ocrx_word' id='word_1_17' title='bbox 637 251 740 289; x_wconf 71' lang='lat' dir='ltr'><strong>gero,</strong></span> <span class='ocrx_word' id='word_1_18' title='bbox 762 246 799 276; x_wconf 91' lang='lat' dir='ltr'><strong>et</strong></span> <span class='ocrx_word' id='word_1_19' title='bbox 817 238 913 276; x_wconf 83' lang='lat' dir='ltr'><strong>facio</strong></span> <span class='ocrx_word' id='word_1_20' title='bbox 931 237 1095 275; x_wconf 88' lang='lat' dir='ltr'><strong>lucrum.</strong></span> 
     </span>
     <span class='ocr_line' id='line_1_4' title="bbox 116 290 1238 342; baseline 0 -13"><span class='ocrx_word' id='word_1_21' title='bbox 116 291 257 342; x_wconf 88' lang='lat' dir='ltr'><strong>Neque</strong></span> <span class='ocrx_word' id='word_1_22' title='bbox 273 291 346 329; x_wconf 85' lang='lat' dir='ltr'><strong>isto</strong></span> <span class='ocrx_word' id='word_1_23' title='bbox 363 291 486 329; x_wconf 87' lang='lat' dir='ltr'><strong>redire</strong></span> <span class='ocrx_word' id='word_1_24' title='bbox 504 290 566 329; x_wconf 86' lang='lat' dir='ltr'><strong>his</strong></span> <span class='ocrx_word' id='word_1_25' title='bbox 584 299 668 330; x_wconf 88' lang='lat' dir='ltr'><strong>octo</strong></span> <span class='ocrx_word' id='word_1_26' title='bbox 686 304 845 342; x_wconf 83' lang='lat' dir='ltr'><strong>possum</strong></span> <span class='ocrx_word' id='word_1_27' title='bbox 862 291 1082 329; x_wconf 83' lang='lat' dir='ltr'><strong>mensibus:</strong></span> <span class='ocrx_word' id='word_1_28' title='bbox 1184 292 1238 329; x_wconf 87' lang='lat'><strong>35</strong></span> 
     </span>
     <span class='ocr_line' id='line_1_5' title="bbox 112 344 1033 396; baseline -0.001 -14"><span class='ocrx_word' id='word_1_29' title='bbox 112 344 253 396; x_wconf 83' lang='lat' dir='ltr'><strong>Itaque</strong></span> <span class='ocrx_word' id='word_1_30' title='bbox 270 344 335 383; x_wconf 81' lang='lat' dir='ltr'><strong>hic</strong></span> <span class='ocrx_word' id='word_1_31' title='bbox 352 352 420 392; x_wconf 47' lang='grc' dir='ltr'><strong>αἱ,</strong></span> <span class='ocrx_word' id='word_1_32' title='bbox 442 344 546 396; x_wconf 90' lang='lat' dir='ltr'><strong>quod</strong></span> <span class='ocrx_word' id='word_1_33' title='bbox 563 358 626 383; x_wconf 89' lang='lat' dir='ltr'><strong>me</strong></span> <span class='ocrx_word' id='word_1_34' title='bbox 645 345 802 392; x_wconf 74' lang='lat' dir='ltr'><strong>detinet,</strong></span> <span class='ocrx_word' id='word_1_35' title='bbox 823 345 1033 396; x_wconf 80' lang='lat' dir='ltr'><strong>negotium.</strong></span> 
     </span>
     <span class='ocr_line' id='line_1_6' title="bbox 110 397 1059 450; baseline -0.001 -14"><span class='ocrx_word' id='word_1_36' title='bbox 110 397 366 450; x_wconf 87' lang='lat' dir='ltr'><strong>Eleusipolim</strong></span> <span class='ocrx_word' id='word_1_37' title='bbox 385 399 513 437; x_wconf 85' lang='lat' dir='ltr'><strong>Persae</strong></span> <span class='ocrx_word' id='word_1_38' title='bbox 532 401 663 450; x_wconf 75' lang='lat' dir='ltr'><strong>cepere</strong></span> <span class='ocrx_word' id='word_1_39' title='bbox 681 401 818 437; x_wconf 85' lang='lat' dir='ltr'><strong>urbem</strong></span> <span class='ocrx_word' id='word_1_40' title='bbox 837 399 877 436; x_wconf 89' lang='lat' dir='ltr'><strong>in</strong></span> <span class='ocrx_word' id='word_1_41' title='bbox 896 399 932 436; x_wconf 81' lang='lat' dir='ltr'><strong>A</strong></span> <span class='ocrx_word' id='word_1_42' title='bbox 939 397 1059 445; x_wconf 62' lang='lat' dir='ltr'><strong>rabia„</strong></span> 
     </span>
     <span class='ocr_line' id='line_1_7' title="bbox 112 451 1232 504; baseline 0.002 -15"><span class='ocrx_word' id='word_1_43' title='bbox 112 451 276 490; x_wconf 87' lang='lat' dir='ltr'><strong>Plenam</strong></span> <span class='ocrx_word' id='word_1_44' title='bbox 291 453 480 490; x_wconf 87' lang='lat' dir='ltr'><strong>bonarum</strong></span> <span class='ocrx_word' id='word_1_45' title='bbox 498 464 640 501; x_wconf 85' lang='lat' dir='ltr'><strong>rerum,</strong></span> <span class='ocrx_word' id='word_1_46' title='bbox 662 460 778 504; x_wconf 88' lang='lat' dir='ltr'><strong>atque</strong></span> <span class='ocrx_word' id='word_1_47' title='bbox 796 453 1000 504; x_wconf 84' lang='lat' dir='ltr'><strong>antiquum</strong></span> <span class='ocrx_word' id='word_1_48' title='bbox 1019 451 1232 504; x_wconf 88' lang='lat' dir='ltr'><strong>oppidum:</strong></span> 
     </span>
     <span class='ocr_line' id='line_1_8' title="bbox 111 505 888 557; baseline 0.001 -14"><span class='ocrx_word' id='word_1_49' title='bbox 111 505 175 543; x_wconf 90' lang='lat' dir='ltr'><strong>Ea</strong></span> <span class='ocrx_word' id='word_1_50' title='bbox 193 513 435 555; x_wconf 86' lang='lat' dir='ltr'><strong>comparatur</strong></span> <span class='ocrx_word' id='word_1_51' title='bbox 452 505 595 557; x_wconf 75' lang='lat' dir='ltr'><strong>praeda‚</strong></span> <span class='ocrx_word' id='word_1_52' title='bbox 615 514 659 544; x_wconf 90' lang='lat' dir='ltr'><strong>ut</strong></span> <span class='ocrx_word' id='word_1_53' title='bbox 678 506 744 544; x_wconf 85' lang='lat' dir='ltr'><strong>fiat</strong></span> <span class='ocrx_word' id='word_1_54' title='bbox 762 506 888 544; x_wconf 85' lang='lat' dir='ltr'><strong>auctio</strong></span> 
     </span>
     <span class='ocr_line' id='line_1_9' title="bbox 108 558 1233 610; baseline 0.002 -13"><span class='ocrx_word' id='word_1_55' title='bbox 108 558 351 598; x_wconf 79' lang='lat' dir='ltr'><strong>Publicitus:</strong></span> <span class='ocrx_word' id='word_1_56' title='bbox 382 572 426 597; x_wconf 65' lang='grc' dir='ltr'><strong>ω,</strong></span> <span class='ocrx_word' id='word_1_57' title='bbox 444 572 502 597; x_wconf 87' lang='lat' dir='ltr'><strong>res</strong></span> <span class='ocrx_word' id='word_1_58' title='bbox 520 572 583 598; x_wconf 88' lang='lat' dir='ltr'><strong>me</strong></span> <span class='ocrx_word' id='word_1_59' title='bbox 601 559 715 597; x_wconf 90' lang='lat' dir='ltr'><strong>domo</strong></span> <span class='ocrx_word' id='word_1_60' title='bbox 734 567 928 610; x_wconf 82' lang='lat' dir='ltr'><strong>expertem</strong></span> <span class='ocrx_word' id='word_1_61' title='bbox 945 558 1048 597; x_wconf 82' lang='lat' dir='ltr'><strong>facit.</strong></span> <span class='ocrx_word' id='word_1_62' title='bbox 1180 561 1233 599; x_wconf 84' lang='lat'><strong>40</strong></span> 
     </span>
     <span class='ocr_line' id='line_1_10' title="bbox 108 612 1155 664; baseline -0.002 -12"><span class='ocrx_word' id='word_1_63' title='bbox 108 613 283 664; x_wconf 84' lang='lat' dir='ltr'><strong>Operam</strong></span> <span class='ocrx_word' id='word_1_64' title='bbox 301 621 417 664; x_wconf 89' lang='lat' dir='ltr'><strong>atque</strong></span> <span class='ocrx_word' id='word_1_65' title='bbox 433 613 644 664; x_wconf 86' lang='lat' dir='ltr'><strong>hospitium</strong></span> <span class='ocrx_word' id='word_1_66' title='bbox 665 625 735 664; x_wconf 86' lang='lat' dir='ltr'><strong>ego</strong></span> <span class='ocrx_word' id='word_1_67' title='bbox 752 613 816 650; x_wconf 84' lang='lat' dir='ltr'><strong>isti</strong></span> <span class='ocrx_word' id='word_1_68' title='bbox 835 612 1036 664; x_wconf 84' lang='lat' dir='ltr'><strong>praehiberi</strong></span> <span class='ocrx_word' id='word_1_69' title='bbox 1054 612 1155 661; x_wconf 87' lang='lat' dir='ltr'><strong>volo,</strong></span> 
     </span>
     <span class='ocr_line' id='line_1_11' title="bbox 107 666 1067 718; baseline -0.001 -14"><span class='ocrx_word' id='word_1_70' title='bbox 107 666 189 714; x_wconf 89' lang='lat' dir='ltr'><strong>Qui</strong></span> <span class='ocrx_word' id='word_1_71' title='bbox 207 666 277 705; x_wconf 82' lang='lat' dir='ltr'><strong>tibi</strong></span> <span class='ocrx_word' id='word_1_72' title='bbox 294 666 453 705; x_wconf 84' lang='lat' dir='ltr'><strong>tabellas</strong></span> <span class='ocrx_word' id='word_1_73' title='bbox 471 666 592 704; x_wconf 86' lang='lat' dir='ltr'><strong>affert.</strong></span> <span class='ocrx_word' id='word_1_74' title='bbox 651 666 768 714; x_wconf 74' lang='lat' dir='ltr'><strong>Cura,</strong></span> <span class='ocrx_word' id='word_1_75' title='bbox 789 679 876 718; x_wconf 91' lang='lat' dir='ltr'><strong>quae</strong></span> <span class='ocrx_word' id='word_1_76' title='bbox 891 666 924 704; x_wconf 87' lang='lat' dir='ltr'><strong>is</strong></span> <span class='ocrx_word' id='word_1_77' title='bbox 942 666 1043 704; x_wconf 85' lang='lat' dir='ltr'><strong>volet</strong></span> <span class='ocrx_word' id='word_1_78' title='bbox 1055 680 1067 704; x_wconf 73' lang='lat' dir='ltr'><em>z</em></span> 
     </span>
     <span class='ocr_line' id='line_1_12' title="bbox 106 719 1198 759; baseline 0 -1"><span class='ocrx_word' id='word_1_79' title='bbox 106 719 215 758; x_wconf 87' lang='lat' dir='ltr'><strong>Nam</strong></span> <span class='ocrx_word' id='word_1_80' title='bbox 232 720 264 758; x_wconf 91' lang='lat' dir='ltr'><strong>is</strong></span> <span class='ocrx_word' id='word_1_81' title='bbox 282 720 376 757; x_wconf 85' lang='lat' dir='ltr'><strong>mihi</strong></span> <span class='ocrx_word' id='word_1_82' title='bbox 396 720 556 758; x_wconf 68' lang='lat' dir='ltr'><strong>honoroe</strong></span> <span class='ocrx_word' id='word_1_83' title='bbox 575 734 653 759; x_wconf 87' lang='lat' dir='ltr'><strong>suae</strong></span> <span class='ocrx_word' id='word_1_84' title='bbox 671 720 777 758; x_wconf 82' lang='lat' dir='ltr'><strong>domi</strong></span> <span class='ocrx_word' id='word_1_85' title='bbox 794 720 932 758; x_wconf 87' lang='lat' dir='ltr'><strong>habuit</strong></span> <span class='ocrx_word' id='word_1_86' title='bbox 950 720 1198 758; x_wconf 77' lang='lat' dir='ltr'><strong>maxumos.”</strong></span> 
     </span>
     <span class='ocr_line' id='line_1_13' title="bbox 105 772 1228 823; baseline 0.001 -13"><span class='ocrx_word' id='word_1_87' title='bbox 105 774 234 811; x_wconf 87' lang='lat' dir='ltr'><strong>Dord.</strong></span> <span class='ocrx_word' id='word_1_88' title='bbox 259 772 366 820; x_wconf 82' lang='lat' dir='ltr'><strong>Quid</strong></span> <span class='ocrx_word' id='word_1_89' title='bbox 396 773 437 811; x_wconf 90' lang='lat' dir='ltr'><strong>id</strong></span> <span class='ocrx_word' id='word_1_90' title='bbox 465 774 515 812; x_wconf 87' lang='lat' dir='ltr'><strong>ad</strong></span> <span class='ocrx_word' id='word_1_91' title='bbox 545 786 621 820; x_wconf 85' lang='lat' dir='ltr'><strong>me,</strong></span> <span class='ocrx_word' id='word_1_92' title='bbox 652 782 719 812; x_wconf 91' lang='lat' dir='ltr'><strong>aut</strong></span> <span class='ocrx_word' id='word_1_93' title='bbox 748 773 798 811; x_wconf 85' lang='lat' dir='ltr'><strong>ad</strong></span> <span class='ocrx_word' id='word_1_94' title='bbox 829 786 957 812; x_wconf 86' lang='lat' dir='ltr'><strong>meam</strong></span> <span class='ocrx_word' id='word_1_95' title='bbox 989 786 1070 812; x_wconf 90' lang='lat' dir='ltr'><strong>rem</strong></span> <span class='ocrx_word' id='word_1_96' title='bbox 1102 774 1228 823; x_wconf 80' lang='lat' dir='ltr'><strong>refert,</strong></span> 
     </span>
     <span class='ocr_line' id='line_1_14' title="bbox 265 827 816 879; baseline 0.002 -15"><span class='ocrx_word' id='word_1_97' title='bbox 265 827 394 866; x_wconf 88' lang='lat' dir='ltr'><strong>Persae</strong></span> <span class='ocrx_word' id='word_1_98' title='bbox 411 827 505 879; x_wconf 89' lang='lat' dir='ltr'><strong>quid</strong></span> <span class='ocrx_word' id='word_1_99' title='bbox 522 840 651 866; x_wconf 86' lang='lat' dir='ltr'><strong>rerum</strong></span> <span class='ocrx_word' id='word_1_100' title='bbox 669 835 816 878; x_wconf 84' lang='lat' dir='ltr'><strong>gerant,</strong></span> 
     </span>
     <span class='ocr_line' id='line_1_15' title="bbox 103 880 577 933; baseline -0.002 -13"><span class='ocrx_word' id='word_1_101' title='bbox 103 880 191 929; x_wconf 86' lang='lat' dir='ltr'><strong>Aut</strong></span> <span class='ocrx_word' id='word_1_102' title='bbox 208 880 303 933; x_wconf 90' lang='lat' dir='ltr'><strong>quid</strong></span> <span class='ocrx_word' id='word_1_103' title='bbox 321 880 436 920; x_wconf 89' lang='lat' dir='ltr'><strong>herus</strong></span> <span class='ocrx_word' id='word_1_104' title='bbox 454 883 577 919; x_wconf 83' lang='lat' dir='ltr'><strong>tuus?</strong></span> 
     </span>
     <span class='ocr_line' id='line_1_16' title="bbox 298 934 1227 1011; baseline 0.001 -39"><span class='ocrx_word' id='word_1_105' title='bbox 298 935 395 973; x_wconf 73' lang='lat' dir='ltr'><strong>Tooe.</strong></span> <span class='ocrx_word' id='word_1_106' title='bbox 427 935 546 983; x_wconf 77' lang='lat' dir='ltr'><strong>Tace,</strong></span> <span class='ocrx_word' id='word_1_107' title='bbox 568 934 815 1011; x_wconf 75' lang='lat' dir='ltr'><strong>stultiloque·</strong></span> <span class='ocrx_word' id='word_1_108' title='bbox 845 934 979 984; x_wconf 53' lang='lat' dir='ltr'><strong>noscis,</strong></span> <span class='ocrx_word' id='word_1_109' title='bbox 1000 934 1094 986; x_wconf 78' lang='lat' dir='ltr'><strong>quid</strong></span> <span class='ocrx_word' id='word_1_110' title='bbox 1112 934 1227 973; x_wconf 86' lang='lat' dir='ltr'><strong>instet</strong></span> 
     </span>
     <span class='ocr_line' id='line_1_17' title="bbox 427 988 1224 1027; baseline -0.001 0"><span class='ocrx_word' id='word_1_111' title='bbox 427 988 531 1027; x_wconf 88' lang='lat' dir='ltr'><strong>boni.</strong></span> <span class='ocrx_word' id='word_1_112' title='bbox 1171 990 1224 1026; x_wconf 88' lang='grc'><strong>45</strong></span> 
     </span>
     <span class='ocr_line' id='line_1_18' title="bbox 104 1040 1227 1093; baseline 0.001 -14"><span class='ocrx_word' id='word_1_113' title='bbox 104 1040 381 1093; x_wconf 83' lang='lat' dir='ltr'><strong>Nequidquam</strong></span> <span class='ocrx_word' id='word_1_114' title='bbox 417 1042 488 1080; x_wconf 85' lang='lat' dir='ltr'><strong>tibi</strong></span> <span class='ocrx_word' id='word_1_115' title='bbox 518 1041 691 1080; x_wconf 87' lang='lat' dir='ltr'><strong>Fortuna</strong></span> <span class='ocrx_word' id='word_1_116' title='bbox 723 1041 892 1080; x_wconf 84' lang='lat' dir='ltr'><strong>faculam</strong></span> <span class='ocrx_word' id='word_1_117' title='bbox 927 1040 1138 1081; x_wconf 68' lang='lat' dir='ltr'><strong>luctificam</strong></span> <span class='ocrx_word' id='word_1_118' title='bbox 1169 1041 1227 1080; x_wconf 86' lang='lat' dir='ltr'><strong>al-</strong></span> 
     </span>
     <span class='ocr_line' id='line_1_19' title="bbox 262 1096 500 1134; baseline 0.013 -2"><span class='ocrx_word' id='word_1_119' title='bbox 262 1096 388 1134; x_wconf 87' lang='lat' dir='ltr'><strong>lucere</strong></span> <span class='ocrx_word' id='word_1_120' title='bbox 408 1097 500 1134; x_wconf 84' lang='lat' dir='ltr'><strong>volt.</strong></span> 
     </span>
     <span class='ocr_line' id='line_1_20' title="bbox 99 1147 953 1197; baseline 0 -10"><span class='ocrx_word' id='word_1_121' title='bbox 99 1150 226 1187; x_wconf 86' lang='lat' dir='ltr'><strong>Dord.</strong></span> <span class='ocrx_word' id='word_1_122' title='bbox 259 1149 362 1197; x_wconf 88' lang='lat' dir='ltr'><strong>Quae</strong></span> <span class='ocrx_word' id='word_1_123' title='bbox 378 1150 481 1189; x_wconf 83' lang='lat' dir='ltr'><strong>istaec</strong></span> <span class='ocrx_word' id='word_1_124' title='bbox 499 1150 671 1188; x_wconf 85' lang='lat' dir='ltr'><strong>Fortuna</strong></span> <span class='ocrx_word' id='word_1_125' title='bbox 689 1148 857 1188; x_wconf 85' lang='lat' dir='ltr'><strong>lucrifica</strong></span> <span class='ocrx_word' id='word_1_126' title='bbox 877 1147 953 1187; x_wconf 86' lang='lat' dir='ltr'><strong>’st?</strong></span> 
     </span>
     <span class='ocr_line' id='line_1_21' title="bbox 574 1203 1220 1264; baseline -0.003 -23"><span class='ocrx_word' id='word_1_127' title='bbox 574 1205 672 1242; x_wconf 72' lang='lat' dir='ltr'><strong>Tox.</strong></span> <span class='ocrx_word' id='word_1_128' title='bbox 701 1203 814 1250; x_wconf 82' lang='lat' dir='ltr'><strong>Istas,</strong></span> <span class='ocrx_word' id='word_1_129' title='bbox 835 1216 933 1264; x_wconf 43' lang='lat' dir='ltr'><strong>quae·</strong></span> <span class='ocrx_word' id='word_1_130' title='bbox 940 1204 1097 1250; x_wconf 74' lang='lat' dir='ltr'><strong>norunt,</strong></span> <span class='ocrx_word' id='word_1_131' title='bbox 1117 1215 1220 1254; x_wconf 82' lang='lat' dir='ltr'><strong>roga.</strong></span> 
     </span>
     <span class='ocr_line' id='line_1_22' title="bbox 99 1255 1223 1308; baseline -0.001 -13"><span class='ocrx_word' id='word_1_132' title='bbox 99 1255 188 1307; x_wconf 88' lang='lat' dir='ltr'><strong>Ego</strong></span> <span class='ocrx_word' id='word_1_133' title='bbox 206 1256 448 1297; x_wconf 86' lang='lat' dir='ltr'><strong>tantumdem</strong></span> <span class='ocrx_word' id='word_1_134' title='bbox 467 1257 556 1307; x_wconf 84' lang='lat' dir='ltr'><strong>scio,</strong></span> <span class='ocrx_word' id='word_1_135' title='bbox 577 1264 768 1308; x_wconf 83' lang='lat' dir='ltr'><strong>quantum</strong></span> <span class='ocrx_word' id='word_1_136' title='bbox 784 1266 842 1306; x_wconf 86' lang='lat' dir='ltr'><strong>tu,</strong></span> <span class='ocrx_word' id='word_1_137' title='bbox 862 1256 936 1295; x_wconf 86' lang='lat' dir='ltr'><strong>nisi</strong></span> <span class='ocrx_word' id='word_1_138' title='bbox 954 1256 1057 1308; x_wconf 92' lang='lat' dir='ltr'><strong>quod</strong></span> <span class='ocrx_word' id='word_1_139' title='bbox 1085 1256 1223 1308; x_wconf 81' lang='lat' dir='ltr'><strong>pellegi</strong></span> 
     </span>
     <span class='ocr_line' id='line_1_23' title="bbox 261 1312 376 1362; baseline 0 -13"><span class='ocrx_word' id='word_1_140' title='bbox 261 1312 376 1362; x_wconf 91' lang='lat' dir='ltr'><strong>prior.</strong></span> 
     </span>
     <span class='ocr_line' id='line_1_24' title="bbox 98 1363 937 1417; baseline -0.002 -13"><span class='ocrx_word' id='word_1_141' title='bbox 98 1363 189 1413; x_wconf 79' lang='lat' dir='ltr'><strong>Sed,</strong></span> <span class='ocrx_word' id='word_1_142' title='bbox 209 1371 254 1402; x_wconf 87' lang='lat' dir='ltr'><strong>ut</strong></span> <span class='ocrx_word' id='word_1_143' title='bbox 272 1364 462 1417; x_wconf 86' lang='lat' dir='ltr'><strong>occepisti,</strong></span> <span class='ocrx_word' id='word_1_144' title='bbox 482 1378 530 1403; x_wconf 84' lang='lat' dir='ltr'><strong>ex</strong></span> <span class='ocrx_word' id='word_1_145' title='bbox 548 1364 697 1404; x_wconf 77' lang='lat' dir='ltr'><strong>tabellis</strong></span> <span class='ocrx_word' id='word_1_146' title='bbox 714 1376 826 1403; x_wconf 89' lang='lat' dir='ltr'><strong>nosce</strong></span> <span class='ocrx_word' id='word_1_147' title='bbox 843 1376 937 1402; x_wconf 84' lang='lat' dir='ltr'><strong>rem·</strong></span> 
     </span>
     <span class='ocr_line' id='line_1_25' title="bbox 698 1418 1217 1464; baseline 0.002 -8"><span class='ocrx_word' id='word_1_148' title='bbox 698 1419 825 1457; x_wconf 87' lang='lat' dir='ltr'><strong>Dord.</strong></span> <span class='ocrx_word' id='word_1_149' title='bbox 850 1418 960 1457; x_wconf 87' lang='lat' dir='ltr'><strong>Bene</strong></span> <span class='ocrx_word' id='word_1_150' title='bbox 976 1429 1041 1456; x_wconf 90' lang='lat' dir='ltr'><strong>me</strong></span> <span class='ocrx_word' id='word_1_151' title='bbox 1058 1429 1217 1464; x_wconf 65' lang='lat' dir='ltr'><strong>monae3</strong></span> 
     </span>
    </p>
   </div>
   <div class='ocr_carea' id='block_1_3' title="bbox 93 1471 1218 2109">
    <p class='ocr_par' dir='ltr' id='par_1_3' title="bbox 95 1471 400 1511">
     <span class='ocr_line' id='line_1_26' title="bbox 95 1471 400 1511; baseline -0.007 0"><span class='ocrx_word' id='word_1_152' title='bbox 95 1471 129 1510; x_wconf 88' lang='lat' dir='ltr'><strong>F</strong></span> <span class='ocrx_word' id='word_1_153' title='bbox 130 1485 175 1511; x_wconf 86' lang='lat' dir='ltr'><strong>ac</strong></span> <span class='ocrx_word' id='word_1_154' title='bbox 191 1471 400 1510; x_wconf 88' lang='lat' dir='ltr'><strong>silentium.</strong></span> 
     </span>
    </p>

    <p class='ocr_par' dir='ltr' id='par_1_4' title="bbox 93 1525 1218 1686">
     <span class='ocr_line' id='line_1_27' title="bbox 210 1525 1218 1577; baseline 0 -13"><span class='ocrx_word' id='word_1_155' title='bbox 210 1528 307 1564; x_wconf 70' lang='lat' dir='ltr'><strong>Tox.</strong></span> <span class='ocrx_word' id='word_1_156' title='bbox 332 1526 452 1566; x_wconf 86' lang='lat' dir='ltr'><strong>Nunc</strong></span> <span class='ocrx_word' id='word_1_157' title='bbox 469 1526 518 1566; x_wconf 89' lang='lat' dir='ltr'><strong>ad</strong></span> <span class='ocrx_word' id='word_1_158' title='bbox 535 1526 634 1565; x_wconf 91' lang='lat' dir='ltr'><strong>illud</strong></span> <span class='ocrx_word' id='word_1_159' title='bbox 652 1525 792 1574; x_wconf 65' lang='lat' dir='ltr'><strong>veniae,</strong></span> <span class='ocrx_word' id='word_1_160' title='bbox 813 1525 918 1577; x_wconf 89' lang='lat' dir='ltr'><strong>quod</strong></span> <span class='ocrx_word' id='word_1_161' title='bbox 936 1525 1048 1563; x_wconf 86' lang='lat' dir='ltr'><strong>refert</strong></span> <span class='ocrx_word' id='word_1_162' title='bbox 1063 1525 1144 1564; x_wconf 60' lang='lat' dir='ltr'><strong>tua„</strong></span> <span class='ocrx_word' id='word_1_163' title='bbox 1164 1527 1218 1564; x_wconf 85' lang='lat'><strong>50</strong></span> 
     </span>
     <span class='ocr_line' id='line_1_28' title="bbox 93 1578 1113 1632; baseline 0 -15"><span class='ocrx_word' id='word_1_164' title='bbox 93 1580 220 1618; x_wconf 86' lang='lat' dir='ltr'><strong>Dord.</strong></span> <span class='ocrx_word' id='word_1_165' title='bbox 251 1582 280 1602; x_wconf 83' lang='grc'>“</span> <span class='ocrx_word' id='word_1_166' title='bbox 300 1580 394 1629; x_wconf 88' lang='lat' dir='ltr'><strong>Iste,</strong></span> <span class='ocrx_word' id='word_1_167' title='bbox 415 1581 484 1632; x_wconf 85' lang='lat' dir='ltr'><strong>qui</strong></span> <span class='ocrx_word' id='word_1_168' title='bbox 500 1581 658 1620; x_wconf 76' lang='lat' dir='ltr'><strong>tabellas</strong></span> <span class='ocrx_word' id='word_1_169' title='bbox 676 1580 798 1628; x_wconf 86' lang='lat' dir='ltr'><strong>affert,</strong></span> <span class='ocrx_word' id='word_1_170' title='bbox 817 1579 978 1619; x_wconf 85' lang='lat' dir='ltr'><strong>adduxit</strong></span> <span class='ocrx_word' id='word_1_171' title='bbox 995 1578 1113 1618; x_wconf 81' lang='lat' dir='ltr'><strong>simul</strong></span> 
     </span>
     <span class='ocr_line' id='line_1_29' title="bbox 95 1632 917 1686; baseline 0.001 -15"><span class='ocrx_word' id='word_1_172' title='bbox 95 1632 239 1671; x_wconf 67' lang='lat' dir='ltr'><strong>Forma</strong></span> <span class='ocrx_word' id='word_1_173' title='bbox 256 1635 469 1686; x_wconf 63' lang='lat' dir='ltr'><strong>expetenda</strong></span> <span class='ocrx_word' id='word_1_174' title='bbox 486 1635 683 1674; x_wconf 90' lang='lat' dir='ltr'><strong>liberalem</strong></span> <span class='ocrx_word' id='word_1_175' title='bbox 700 1633 917 1681; x_wconf 81' lang='lat' dir='ltr'><strong>mulierem,</strong></span> 
     </span>
    </p>

    <p class='ocr_par' dir='ltr' id='par_1_5' title="bbox 95 1684 1052 1739">
     <span class='ocr_line' id='line_1_30' title="bbox 95 1684 1052 1739; baseline 0 -15"><span class='ocrx_word' id='word_1_176' title='bbox 95 1686 311 1735; x_wconf 75' lang='lat' dir='ltr'><strong>Furfivam,</strong></span> <span class='ocrx_word' id='word_1_177' title='bbox 329 1687 526 1727; x_wconf 81' lang='lat' dir='ltr'><strong>advectam</strong></span> <span class='ocrx_word' id='word_1_178' title='bbox 544 1702 592 1727; x_wconf 82' lang='lat' dir='ltr'><strong>ex</strong></span> <span class='ocrx_word' id='word_1_179' title='bbox 609 1687 760 1727; x_wconf 65' lang='lat' dir='ltr'><strong>Arabia</strong></span> <span class='ocrx_word' id='word_1_180' title='bbox 777 1684 1052 1739; x_wconf 68' lang='lat' dir='ltr'><strong>penitissuma·</strong></span> 
     </span>
    </p>

    <p class='ocr_par' dir='ltr' id='par_1_6' title="bbox 96 1740 905 1803">
     <span class='ocr_line' id='line_1_31' title="bbox 96 1740 905 1803; baseline 0.004 -25"><span class='ocrx_word' id='word_1_181' title='bbox 96 1740 198 1778; x_wconf 87' lang='lat' dir='ltr'><strong>Eam</strong></span> <span class='ocrx_word' id='word_1_182' title='bbox 216 1747 254 1779; x_wconf 88' lang='lat' dir='ltr'><strong>te</strong></span> <span class='ocrx_word' id='word_1_183' title='bbox 271 1741 358 1780; x_wconf 86' lang='lat' dir='ltr'><strong>volo</strong></span> <span class='ocrx_word' id='word_1_184' title='bbox 376 1755 562 1803; x_wconf 77' lang='lat' dir='ltr'><strong>accurare,</strong></span> <span class='ocrx_word' id='word_1_185' title='bbox 577 1749 622 1780; x_wconf 88' lang='lat' dir='ltr'><strong>ut</strong></span> <span class='ocrx_word' id='word_1_186' title='bbox 640 1742 724 1781; x_wconf 83' lang='lat' dir='ltr'><strong>istic</strong></span> <span class='ocrx_word' id='word_1_187' title='bbox 743 1748 905 1790; x_wconf 70' lang='lat' dir='ltr'><strong>vaenaet,</strong></span> 
     </span>
    </p>

    <p class='ocr_par' dir='ltr' id='par_1_7' title="bbox 94 1793 1212 1848">
     <span class='ocr_line' id='line_1_32' title="bbox 94 1793 1212 1848; baseline 0 -17"><span class='ocrx_word' id='word_1_188' title='bbox 94 1793 158 1832; x_wconf 90' lang='lat' dir='ltr'><strong>Ac</strong></span> <span class='ocrx_word' id='word_1_189' title='bbox 176 1806 245 1831; x_wconf 92' lang='lat' dir='ltr'><strong>suo</strong></span> <span class='ocrx_word' id='word_1_190' title='bbox 262 1793 457 1845; x_wconf 65' lang='lat' dir='ltr'><strong>paiculo&#39;</strong></span> <span class='ocrx_word' id='word_1_191' title='bbox 445 1809 479 1834; x_wconf 80' lang='lat' dir='ltr'><strong>is</strong></span> <span class='ocrx_word' id='word_1_192' title='bbox 497 1803 613 1845; x_wconf 85' lang='lat' dir='ltr'><strong>emat,</strong></span> <span class='ocrx_word' id='word_1_193' title='bbox 633 1797 702 1848; x_wconf 79' lang='lat' dir='ltr'><strong>qui</strong></span> <span class='ocrx_word' id='word_1_194' title='bbox 720 1809 805 1834; x_wconf 90' lang='lat' dir='ltr'><strong>eam</strong></span> <span class='ocrx_word' id='word_1_195' title='bbox 823 1793 1075 1834; x_wconf 72' lang='lat' dir='ltr'><strong>meroebitur.</strong></span> <span class='ocrx_word' id='word_1_196' title='bbox 1160 1795 1212 1831; x_wconf 91' lang='lat'><strong>55</strong></span> 
     </span>
    </p>

    <p class='ocr_par' dir='ltr' id='par_1_8' title="bbox 96 1847 1185 1901">
     <span class='ocr_line' id='line_1_33' title="bbox 96 1847 1185 1901; baseline -0.001 -16"><span class='ocrx_word' id='word_1_197' title='bbox 96 1847 309 1899; x_wconf 86' lang='lat' dir='ltr'><strong>Mancupio</strong></span> <span class='ocrx_word' id='word_1_198' title='bbox 327 1860 451 1900; x_wconf 89' lang='lat' dir='ltr'><strong>neque</strong></span> <span class='ocrx_word' id='word_1_199' title='bbox 467 1850 679 1900; x_wconf 72' lang='lat' dir='ltr'><strong>promittet,</strong></span> <span class='ocrx_word' id='word_1_200' title='bbox 698 1863 822 1901; x_wconf 87' lang='lat' dir='ltr'><strong>neque</strong></span> <span class='ocrx_word' id='word_1_201' title='bbox 841 1849 1044 1901; x_wconf 86' lang='lat' dir='ltr'><strong>quisquam</strong></span> <span class='ocrx_word' id='word_1_202' title='bbox 1065 1847 1185 1885; x_wconf 81' lang='lat' dir='ltr'><strong>dabit.</strong></span> 
     </span>
    </p>

    <p class='ocr_par' dir='ltr' id='par_1_9' title="bbox 98 1901 1174 1955">
     <span class='ocr_line' id='line_1_34' title="bbox 98 1901 1174 1955; baseline 0 -16"><span class='ocrx_word' id='word_1_203' title='bbox 98 1902 270 1939; x_wconf 91' lang='lat' dir='ltr'><strong>Probum</strong></span> <span class='ocrx_word' id='word_1_204' title='bbox 289 1910 326 1940; x_wconf 92' lang='lat' dir='ltr'><strong>et</strong></span> <span class='ocrx_word' id='word_1_205' title='bbox 344 1910 588 1941; x_wconf 86' lang='lat' dir='ltr'><strong>numeratum</strong></span> <span class='ocrx_word' id='word_1_206' title='bbox 606 1912 806 1955; x_wconf 83' lang='lat' dir='ltr'><strong>argentum</strong></span> <span class='ocrx_word' id='word_1_207' title='bbox 826 1911 870 1941; x_wconf 87' lang='lat' dir='ltr'><strong>ut</strong></span> <span class='ocrx_word' id='word_1_208' title='bbox 888 1902 1061 1953; x_wconf 70' lang='lat' dir='ltr'><strong>accipiat,</strong></span> <span class='ocrx_word' id='word_1_209' title='bbox 1080 1901 1174 1939; x_wconf 79' lang='lat' dir='ltr'><strong>face.</strong></span> 
     </span>
    </p>

    <p class='ocr_par' dir='ltr' id='par_1_10' title="bbox 95 1955 1078 2007">
     <span class='ocr_line' id='line_1_35' title="bbox 95 1955 1078 2007; baseline 0 -14"><span class='ocrx_word' id='word_1_210' title='bbox 95 1955 195 1994; x_wconf 86' lang='lat' dir='ltr'><strong>Haec</strong></span> <span class='ocrx_word' id='word_1_211' title='bbox 214 1967 329 2000; x_wconf 64' lang='grc' dir='ltr'><strong>οπως</strong></span> <span class='ocrx_word' id='word_1_212' title='bbox 349 1964 388 1994; x_wconf 91' lang='lat' dir='ltr'><strong>et</strong></span> <span class='ocrx_word' id='word_1_213' title='bbox 405 1956 542 2007; x_wconf 70' lang='lat' dir='ltr'><strong>hospes</strong></span> <span class='ocrx_word' id='word_1_214' title='bbox 560 1969 650 1995; x_wconf 85' lang='lat' dir='ltr'><strong>cura</strong></span> <span class='ocrx_word' id='word_1_215' title='bbox 667 1964 712 1995; x_wconf 91' lang='lat' dir='ltr'><strong>ut</strong></span> <span class='ocrx_word' id='word_1_216' title='bbox 729 1966 892 1996; x_wconf 82' lang='lat' dir='ltr'><strong>curetur.</strong></span> <span class='ocrx_word' id='word_1_217' title='bbox 937 1955 1078 1994; x_wconf 81' lang='lat' dir='ltr'><strong>Vale.”</strong></span> 
     </span>
    </p>

    <p class='ocr_par' dir='ltr' id='par_1_11' title="bbox 101 2008 1212 2109">
     <span class='ocr_line' id='line_1_36' title="bbox 101 2008 1212 2063; baseline -0.003 -15"><span class='ocrx_word' id='word_1_218' title='bbox 101 2010 191 2048; x_wconf 71' lang='lat' dir='ltr'><strong>Tox-</strong></span> <span class='ocrx_word' id='word_1_219' title='bbox 220 2008 329 2057; x_wconf 84' lang='lat' dir='ltr'><strong>Quid</strong></span> <span class='ocrx_word' id='word_1_220' title='bbox 364 2009 510 2061; x_wconf 81' lang='lat' dir='ltr'><strong>igitur?</strong></span> <span class='ocrx_word' id='word_1_221' title='bbox 551 2018 754 2063; x_wconf 80' lang='lat' dir='ltr'><strong>postquam</strong></span> <span class='ocrx_word' id='word_1_222' title='bbox 786 2010 963 2056; x_wconf 73' lang='lat' dir='ltr'><strong>recitasti,</strong></span> <span class='ocrx_word' id='word_1_223' title='bbox 1000 2008 1103 2060; x_wconf 91' lang='lat' dir='ltr'><strong>quod</strong></span> <span class='ocrx_word' id='word_1_224' title='bbox 1134 2015 1212 2046; x_wconf 85' lang='lat' dir='ltr'><strong>erat</strong></span> 
     </span>
     <span class='ocr_line' id='line_1_37' title="bbox 255 2063 567 2109; baseline 0 -7"><span class='ocrx_word' id='word_1_225' title='bbox 255 2076 348 2102; x_wconf 84' lang='lat' dir='ltr'><strong>cerae</strong></span> <span class='ocrx_word' id='word_1_226' title='bbox 367 2063 567 2109; x_wconf 74' lang='lat' dir='ltr'><strong>creditum,</strong></span> 
     </span>
    </p>
   </div>
   <div class='ocr_carea' id='block_1_4' title="bbox 95 2117 469 2164">
    <p class='ocr_par' dir='ltr' id='par_1_12' title="bbox 95 2117 469 2164">
     <span class='ocr_line' id='line_1_38' title="bbox 95 2117 469 2164; baseline -0.008 -6"><span class='ocrx_word' id='word_1_227' title='bbox 95 2117 469 2164; x_wconf 73' lang='lat' dir='ltr'><strong>Jammihicredis?</strong></span> 
     </span>
    </p>
   </div>
  </div>
 </body>
</html>
