1435 2400
217 111 296 148 286
494 111 930 152 MOSTELLARIA.
958 113 1040 152 111.
1075 115 1110 152 1.

468 268 652 308 ACTUS
681 270 765 308 III.
820 269 1004 309 SCENA
1033 269 1070 308 Ι.

333 373 559 413 DANISTA.
602 375 958 413 Tussunomnss.
1001 375 1206 413 TRAmo.

217 482 322 518 Dan.
350 480 605 519 Scelestiorem
626 494 694 531 ego
712 493 855 518 annum
875 488 1029 531 argento
1047 480 1179 519 foenori

217 533 431 584 Nunquam
449 534 573 572 ullum
593 534 682 579 vidi,
701 546 816 584 quam
834 534 896 571 hic
910 534 1006 572 mihi
1024 547 1146 572 annus
1163 534 1313 586 obtigit.

213 586 254 623 A
275 599 388 623 mane
406 586 454 624 ad
472 597 619 626 noctem
631 600 759 647 unque
775 587 814 623 in
834 587 914 624 foro
932 587 1028 637 dego
1046 587 1172 634 diem3

217 639 360 677 Locare
378 640 522 690 argenti
541 640 683 678 nemini
701 651 905 677 nummum
925 653 1034 691 queo.

223 693 344 730 Tran.
372 693 489 731 Nunc
502 694 603 744 (pol)
620 705 690 743 ego
708 693 801 744 perii
819 693 955 742 plane'
945 705 984 730 in
1004 701 1229 745 perpetuum
1240 706 1324 732 mo-

375 745 481 783 dum.
1295 748 1321 784 5

219 797 383 836 Danista
401 799 518 845 adest,
535 799 601 849 qui
619 798 722 836 dedit
739 805 938 849 argentum
956 799 1105 846 foenori,

219 850 300 898 Qui
320 851 441 889 amica
459 859 513 889 est
531 860 644 898 emta,
665 864 817 903 quoque
834 864 928 902 opus
945 852 984 889 in
1004 861 1150 891 sumtus
1166 852 1254 890 fuit.

219 904 428 942 Manifesta
447 917 503 942 res
522 911 590 950 est,
610 905 682 942 nisi
700 905 803 956 quod
820 917 972 942 occurro
989 906 1109 956 prius,

220 957 284 995 Ne
302 957 372 994 hoc
390 970 503 995 senex
521 957 702 995 resciscat.
743 959 815 996 Ibo
832 957 922 996 huic
939 958 1102 996 obviam.

220 1010 295 1048 Sed
313 1010 495 1060 quidnam
510 1010 571 1048 hic
590 1024 666 1048 sese
685 1018 763 1048 tam
783 1011 856 1048 cito
874 1011 1004 1061 reeiPit
1018 1011 1205 1049 domum?
1275 1011 1324 1049 10

220 1063 371 1109 Metuo,
392 1075 439 1100 ne
458 1063 505 1100 de
522 1063 593 1101 hac
611 1077 650 1101 re
668 1063 862 1114 quidpiam
883 1064 1118 1102 inaudiverit.

219 1115 427 1161 Accedam
444 1125 556 1176 atque
569 1117 779 1167 appellabo.
810 1117 906 1154 Hei!
930 1130 1045 1167 quam
1060 1117 1175 1155 timeo
1186 1117 1321 1155 miser!

222 1168 333 1207 Nihil
352 1177 407 1206 est
423 1169 610 1216 miserius,
631 1182 748 1221 quam
766 1169 916 1207 animus
932 1170 1096 1208 hominis
1115 1170 1299 1219 conscius,

221 1222 327 1260 Sicut
345 1235 407 1259 me
431 1223 556 1260 habet.
596 1198 759 1268 'Verum‚
779 1229 867 1260 utut
883 1235 941 1260 rae
957 1223 1038 1261 haec
1057 1236 1134 1261 sese
1151 1223 1278 1271 habet,

218 1275 382 1324 Pergam
403 1277 553 1314 turbare
569 1289 703 1327 porro:
733 1276 786 1314 ita
798 1276 881 1313 haec
898 1289 955 1314 res
973 1277 1149 1327 postulat.
1274 1276 1323 1314 15

220 1328 335 1366 Unde
352 1328 383 1366 is
394 1329 412 1364 P

464 1383 569 1420 Theu
576 1395 608 1419 r.
637 1382 806 1421 Conveni
823 1381 950 1430 illum,
970 1383 1071 1420 unde
1087 1383 1198 1421 hasce
1216 1382 1327 1421 aedeis

555 1448 733 1473 emeram.

230 1488 350 1525 Tran.
378 1488 583 1538 Numquid
601 1488 730 1526 dixisti
748 1488 795 1526 de
811 1489 892 1536 illo,
913 1489 1015 1540 quod
1029 1488 1109 1526 dixi
1126 1488 1226 1526 tibi?

229 1543 370 1579 Theur.
399 1541 496 1579 Dixi
516 1540 715 1592 (hercule)
736 1554 823 1580 vero
841 1542 980 1579 omnia.

807 1596 926 1632 Tran.
956 1594 1029 1632 Vae
1047 1593 1183 1632 misero
1196 1594 1293 1632 mihi
1308 1595 1319 1632 !

222 1646 352 1685 Etiam
370 1647 508 1685 fatetur
526 1646 573 1686 de
589 1647 735 1698 hospite
751 1649 769 1685 ἓ

801 1701 944 1738 Theur.
969 1701 1110 1747 Immo,
1130 1707 1325 1752 pernegat.

226 1756 350 1792 Tran.
378 1754 529 1798 Metuo,
549 1765 596 1790 ne
614 1752 757 1790 technae
774 1766 868 1791 meae
886 1761 1068 1805 perpetuo
1085 1754 1275 1804 perierint.

224 1808 370 1845 The-ur.
397 1806 504 1854 Quid
521 1813 602 1844 tute
621 1814 768 1844 tecum
759 1808 776 1833 ⁹

515 1861 636 1896 Tran.
663 1859 775 1896 Nihil
793 1859 906 1897 enim.
945 1860 1019 1898 Sed
1038 1860 1098 1898 die
1114 1860 1236 1898 mihi:
1267 1861 1316 1898 21

218 1913 385 1959 Dixtin'‚
407 1924 553 1963 quaeso.
543 1912 560 1947 ?

530 1965 671 2002 Theur.
699 1964 795 2003 Dixi
817 1965 1013 2017 (inquam)
1030 1966 1160 2005 ordine
1177 1966 1318 2005 omnia.

224 2022 344 2058 Tran.
364 2019 495 2056 Etiam
508 2018 646 2056 fatetur
659 2017 705 2057 de
721 2018 868 2070 hospite
882 2019 901 2055 ¹?

798 2073 943 2112 Theur.
963 2073 1106 2119 Immo,
1125 2078 1324 2123 pernegat.

225 2128 346 2164 Tra-n.
374 2125 502 2176 Negat
517 2127 536 2162 Ρ

321 2179 464 2217 Theur.
493 2178 634 2230 Negat,
654 2177 824 2229 inquam.
