1435 2400
342 109 778 148 MOSTELLARIA.
806 109 882 148 IV.
911 111 950 147 2.
1123 109 1202 146 303

917 217 1048 255 ΡῘιαιι.
1079 214 1169 253 Vah
1186 215 1198 252 l

94 269 210 310 Oculi
227 269 370 309 dolent.

357 325 440 362 Ser.
471 322 578 361 Cur?

579 378 710 415 Phan.
740 375 845 424 Quia
861 375 993 413 fumus
1010 376 1204 414 molestus.

94 432 180 469 Ser.
210 430 313 469 Tace
332 431 395 478 sis,
415 429 535 478 faber,
559 431 627 481 qui
645 429 780 469 cudere
798 429 892 467 soles
909 429 1110 478 plumbeos
1157 430 1206 467 10

93 484 298 522 Nummos.

276 539 408 576 ΡῘιαιι.
440 538 532 575 Non
550 544 657 588 potes
674 544 716 574 tu
736 548 867 587 cogere
885 548 963 584 me,
980 544 1023 573 ut
1042 536 1113 574 tibi

93 590 339 629 Maledicam.
381 591 503 629 Novit
518 590 633 628 herus
650 603 726 628 me.

729 645 815 682 Ser.
845 643 966 681 Suam

91 696 260 745 Quidem
279 696 383 749 (pol)
403 696 632 736 culcitenam
652 704 810 749 oportet.

754 751 883 788 Phan.
918 750 960 789 Si
977 750 1122 789 sobrius
1141 750 1206 798 sis,

91 803 202 842 Male
219 816 298 842 non
316 804 430 843 dicas.

398 860 480 897 Ser.
507 857 602 897 Tibi
619 860 892 909 obtemperem,
911 871 1030 910 quom
1050 865 1094 896 tu
1111 858 1210 896 mihi

91 910 135 949 N
135 924 296 963 equeas.
285 915 304 939 ⁹

216 967 344 1004 ΡΙιαη.
373 966 432 1004 At
450 972 493 1002 tu
512 977 680 1012 mecum,
700 978 889 1016 pessume,
910 965 924 1002 i
942 965 1133 1004 advorsus.
1158 965 1206 1002 15

91 1019 178 1057 Ser.
209 1018 546 1070 Quaeso(he1·cle),
573 1018 773 1068 Phanisee,
796 1018 942 1057 abstine
960 1020 1043 1067 jam
1067 1031 1210 1057 sermo-

250 1084 341 1110 nem

94 1124 158 1164 De
175 1125 257 1164 istis
275 1128 401 1165 rebus.

385 1181 517 1218 Phan.
544 1181 714 1228 Faciam,
736 1187 773 1219 et
789 1181 950 1232 pultabo
969 1179 1096 1217 foreis.

93 1232 230 1271 Heus!
262 1233 391 1285 ecquis
409 1233 474 1272 hic
493 1242 562 1279 est,
581 1247 808 1272 maxumam
829 1234 898 1285 qui
914 1233 1001 1271 his
990 1231 1172 1282 injuriam

90 1285 124 1324 F
127 1287 255 1325 oribus
282 1286 486 1325 defendat.
475 1288 493 1311 9
525 1287 685 1338 Ecquis,
715 1287 843 1339 ecquis
870 1287 946 1324 hue
973 1286 1065 1334 exit,
1093 1293 1209 1336 atque

253 1353 276 1377 a
303 1341 396 1378 erit.
385 1341 403 1363 9

91 1393 222 1431 Nemo
239 1353 329 1431 hilde
348 1394 503 1445 quidem
524 1395 624 1433 foras
643 1395 733 1433 exit.
775 1395 833 1433 Lt
851 1406 928 1432 esse
946 1392 1101 1431 addecet
1153 1393 1206 1430 20

90 1447 274 1498 Nequam
292 1447 480 1495 homines,
500 1449 554 1486 ita
572 1456 685 1486 sunt:
717 1447 783 1486 scd
801 1461 845 1486 eo
863 1447 986 1498 magis
1005 1453 1115 1484 cauto
1134 1451 1189 1483 aet

91 1499 219 1551 Opus,
239 1512 287 1538 ne
304 1500 381 1538 huc
399 1509 521 1549 exeat,
542 1502 610 1562 qui
627 1502 728 1539 male
746 1514 809 1538 me
827 1501 982 1539 mulcet„

91 1552 174 1592 Hic
187 1553 342 1605 quidem
356 1566 480 1606 neque
494 1555 739 1593 convivarum
757 1555 916 1602 sonitus,
930 1553 1064 1591 itidem
1077 1560 1122 1591 ut
1139 1565 1207 1590 an-

307 1608 415 1646 tehac
430 1608 518 1655 fuit,

93 1660 232 1712 Neque
245 1660 442 1699 tibicinam
456 1670 687 1710 mutantem,
699 1673 823 1712 neque
835 1660 956 1698 alium
974 1672 1210 1712 quemquam

252 1714 378 1753 audio.

100 1767 245 1805 Theur.
273 1767 375 1814 Quae
390 1768 489 1808 illaec
506 1783 565 1808 res
591 1771 679 1808 est?
709 1767 804 1820 quid
823 1767 882 1805 illi
905 1766 1080 1805 homin&
1104 1779 1210 1819 quae-

255 1828 347 1858 runt
364 1823 470 1872 apud
488 1822 600 1861 aedeis
617 1834 746 1860 meas.
737 1824 755 1849 9
1156 1821 1208 1857 25

98 1873 208 1922 Quid
224 1873 386 1912 volunt?
415 1876 509 1925 quid
525 1874 824 1927 introspectant?

472 1929 602 1971 ΡΙιαη
631 1930 794 1979 Pergam
813 1927 964 1979 pultare
981 1927 1136 1965 ostium.

98 1980 235 2020 Heus!
265 1979 441 2018 reclude:
471 1981 580 2029 heus,
600 1982 773 2020 Tranio!
805 1982 919 2019 etiam
938 1981 1091 2032 aperis?

576 2036 723 2073 Them-
755 2035 858 2082 Quae
876 2034 958 2072 haec
975 2041 1031 2072 est
1049 2032 1211 2071 fabula?

103 2089 229 2127 Phara.
258 2087 442 2126 Etiamne
469 2088 594 2140 aperis
609 2091 628 2127 ‚⁹
658 2087 903 2127 Callidamati
928 2095 1056 2125 nostro
1082 2086 1215 2124 advor-

259 2154 346 2179 sum
366 2153 553 2180 venimus.
