1435 2400
334 93 512 133 MILES
540 90 698 130 GLOR
710 91 886 132 IOSUS.
918 92 971 131 V.
1122 94 1201 132 259

252 201 388 250 Per-ip.
419 197 527 246 Quid
544 197 693 237 cessatis
705 200 724 236 ,9

471 251 597 302 Pyrg.
624 251 715 290 Non
731 251 820 290 lieet
838 252 934 290 mihi
954 251 1076 291 dicere
1096 254 1114 292 ,9
1151 253 1197 291 ll

99 308 231 357 Perip.
265 305 355 344 Dic.

254 362 381 410 Pyrg.
410 358 554 398 Oratus
571 370 658 396 sum
676 357 726 396 ad
743 364 780 396 te
798 358 925 397 venire
943 359 1030 397 huc.

488 414 626 462 Perip.
655 411 786 459 Quare
803 411 931 450 ausu's
945 415 963 450 ,⁹
991 413 1079 450 hem
1099 412 1168 450 tibi
1186 413 1196 449 ἔ

92 470 219 519 Pyrg.
240 466 318 506 Oi!
339 465 426 504 hei!
458 465 547 504 satis
565 478 652 503 sum
669 467 908 503 verberatus:
931 467 1114 504 obsecro.

706 520 799 558 Car.
828 518 960 566 Quam
977 531 1070 556 mox
1089 531 1196 557 seco,
1163 492 1204 545 9

96 577 231 626 Per-ip.
255 572 337 612 Ubi
353 573 484 610 lubet.
508 571 709 610 distendite
726 571 921 610 hominem
941 571 1148 619 divorsum,
1167 580 1204 610 et

257 626 479 676 dispennite.

97 684 226 732 Pyrg.
255 680 423 719 Obsecro
453 679 618 725 (hercle)
651 686 702 728 te,
735 685 779 716 ut
806 691 891 717 mea
923 680 1036 717 verba
1062 678 1206 725 audias,

253 733 478 784 priusquam
497 740 609 770 seoet.
1159 733 1206 770 15

102 788 237 838 Per-ip.
267 787 455 838 Loquere,
474 785 647 824 nondum
665 785 778 825 nihili
795 785 929 824 factus.
1054 809 1071 843 δ

499 877 504 882 ,
605 840 735 889 Pyrg.
763 839 937 877 Viduam
956 851 1034 877 esse
1053 839 1204 878 censui·

99 895 257 946 Ita-que
275 879 430 941 ancilla,
446 893 679 931 eonciliatrix
698 906 785 944 quae
803 901 895 939 erat,
916 892 1062 930 dicebat
1080 893 1188 931 mihi.

102 947 234 998 Perip.
265 947 294 986 J
297 960 379 995 ura,
400 955 438 985 te
455 947 671 985 nociturum
690 959 768 985 esse
787 946 934 985 homini
951 958 1053 985 nunc
1071 946 1142 985 hac
1163 946 1210 985 de

99 1053 217 1104 Quod
244 1012 516 1145 {fiffiic
544 1053 788 1102 verberatu’s,
818 1060 886 1091 aut
909 1052 1011 1103 quod
1039 1054 1210 1092 verbera-

306 1119 357 1150 re,

99 1161 141 1201 Si
159 1168 196 1199 te
214 1160 362 1198 salvum
380 1159 470 1197 hinc
488 1159 677 1198 mittimus
698 1159 915 1197 Venereum
931 1159 1174 1220 nepotulum.

102 1214 228 1265 Pyrg.
258 1214 358 1252 Juro
376 1227 423 1264 pe
405 1226 443 1252 ..r
462 1212 631 1251 Dianam
650 1220 687 1250 et
705 1213 891 1261 Μειι-ιεῐῃ,
915 1225 978 1251 me
997 1212 1212 1251 nociturum

102 1319 219 1370 Quod
237 1266 518 1371 εξὲῑῗιιιὲἰίιοῶε
535 1319 699 1370 vapulo:
730 1319 795 1358 sed
821 1319 918 1358 mihi
941 1319 980 1357 id
1005 1332 1112 1371 aeque
1134 1267 1213 1358 fa201-

262 1381 347 1411 tum
365 1374 536 1412 arbitror.

103 1428 172 1475 Et,
204 1426 238 1465 si
265 1427 464 1465 intestatus
493 1439 570 1465 non
599 1428 692 1466 abeo
723 1427 828 1475 hine,
856 1428 953 1465 bene
984 1425 1109 1478 agitur
1145 1439 1215 1478 pro

261 1480 389 1518 noxia.

108 1536 247 1585 Per-ip.
279 1533 386 1582 Quid
407 1533 439 1572 si
455 1533 497 1571 id
513 1545 590 1572 non
608 1533 707 1572 faxis
719 1536 738 1573 ?

438 1589 570 1637 Pyrg.
597 1588 654 1626 Ut
672 1588 798 1626 vivam
816 1599 964 1639 semper
980 1586 1219 1626 intestabilis.

110 1643 204 1681 Car.
222 1641 453 1680 Verberetur
464 1641 578 1679 etiam
591 1655 603 1685 ς
624 1649 708 1692 post
719 1641 789 1679 tibi
803 1640 1062 1679 amittundum
1074 1653 1218 1679 censeo.

110 1696 239 1744 Pyr-g.
269 1694 337 1732 Dii
359 1694 428 1732 tibi
445 1694 681 1733 benefaciant
698 1707 858 1747 semper,
881 1706 998 1746 quom
1016 1693 1218 1733 advocatus

267 1747 363 1785 mihi
375 1749 471 1786 bene
490 1761 540 1786 ω.
1163 1747 1215 1785 26

114 1801 206 1840 Car.
238 1800 343 1852 Ergo
361 1800 424 1839 des
442 1801 588 1840 minam
607 1803 689 1840 auri
706 1803 827 1841 nobis.

556 1855 683 1907 Pyrg.
709 1856 972 1905 Quamobrem
985 1857 1004 1894 ¹?

799 1911 891 1949 Car.
921 1908 1043 1948 Salvis
1061 1907 1218 1946 testibus

109 1961 167 2000 Ut
184 1968 222 1999 te
239 1960 352 1999 hodie
368 1960 458 2000 hinc
475 1961 694 2002 amittamus
711 1963 930 2002 venereum
947 1961 1196 2014 nepotulum:

111 2014 239 2054 Aliter
256 2014 346 2054 hinc
364 2027 387 2053 a
404 2015 513 2055 nobis
533 2017 601 2069 (ne
619 2017 668 2056 sis
685 2016 898 2061 frustm..

646 2072 736 2120 Pyr
687 2084 776 2121 ,tyr-g
805 2042 986 2108 Dabitur.

841 2125 934 2163 Car.
962 2122 1093 2174 Magis
1111 2119 1222 2172 sapis.
