1435 2400
181 68 233 104 34
511 67 813 106 CURCULIO.
837 67 888 105 V.
913 70 951 105 2.

180 172 222 211 Si
241 185 326 210 vera
343 184 541 221 memoras,
562 186 648 224 quae
664 172 738 211 fuit
755 179 875 213 mater
892 180 958 212 tua
971 176 990 212 Ρ
1227 172 1279 210 43

184 227 300 264 Plan.
329 225 526 264 Cleobula.

458 279 573 317 Ther.
602 279 747 317 Nutrix
766 292 853 330 quae
870 279 944 318 fuit
956 282 974 318 Ρ

881 334 999 371 Plan.
1027 330 1286 370 Archestrata.

181 384 242 423 Ea
260 396 322 424 me
339 392 546 436 spectatum
566 385 702 423 tulerat
720 398 786 436 per
804 385 999 437 Dionysia.
1230 383 1282 421 45

182 438 390 489 Postquam
410 439 476 476 isso
494 445 649 476 ventum
669 439 728 486 'st,
746 440 827 488 jam
845 446 889 476 ut
907 452 967 477 me
985 439 1242 484 collocaverat,

181 491 364 529 Exoritur
383 499 515 529 ventus
532 493 664 529 turbo:
695 492 907 543 spectacula
924 492 977 530 ibi
995 498 1134 529 ruunt:

180 543 268 594 Ego
285 545 525 594 pertimesco:
555 551 638 582 tum
656 544 709 582 ibi
726 557 788 582 me
806 545 946 583 nescio·
949 545 1033 596 quis
1051 543 1181 594 arripit

183 596 377 635 Timidam
397 605 509 649 atque
526 597 717 647 pavidam,
740 609 809 636 nec
826 597 966 647 vivam,
995 610 1063 636 nec
1079 604 1283 635 mortuam.

182 649 224 688 N
226 662 280 697 ec,
296 664 372 702 quo
390 664 451 689 me
468 658 577 701 pacto
593 650 801 698 abstulerit,
821 663 976 701 possum
995 650 1129 688 dicere.
1233 650 1285 686 50

189 704 303 741 Ther.
333 704 497 743 Memini
515 704 632 742 istanc
649 705 800 741 turbam
818 703 922 742 fieri·
952 703 1015 742 sed
1034 710 1076 741 tu
1096 702 1156 741 dic
1173 701 1284 749 mihi,

182 756 263 794 Ubi
289 756 321 796 is
339 766 393 795 est
409 757 538 805 homo,
558 756 624 808 qui
642 763 679 795 te
697 756 907 808 surripuit?

827 811 945 849 Plan.
972 809 1125 849 Nescio.

182 862 331 900 Verum
349 861 451 900 hunc
468 862 611 901 servavi
631 875 777 914 semper
793 874 944 902 mecum
962 862 1041 901 unit
1059 862 1259 901 annulum.

184 915 285 954 Cum
303 915 375 953 hoc
392 915 483 953 olim
502 915 607 966 perii.

507 969 622 1007 Ther.
650 968 770 1019 Cedo,
787 976 832 1007 ut
849 969 1059 1022 inspiciam.

929 1024 1044 1062 Cure.
1073 1019 1213 1060 Sanan’
1232 1031 1285 1068 es,

184 1073 284 1122 Quae
300 1073 361 1112 isti
378 1074 589 1112 committas
602 1077 620 1112 ?

504 1129 621 1164 Plan.
651 1127 740 1166 Sine
757 1127 883 1166 modo.

785 1182 900 1219 Ther.
929 1181 1006 1219 Pro
1024 1178 1202 1231 Jupiter!
1233 1181 1287 1218 55

185 1233 262 1271 Hic
283 1238 351 1278 est,
372 1245 486 1282 quem
506 1245 575 1283 ego
593 1233 663 1271 tibi
682 1233 768 1271 misi
784 1234 902 1271 natali
920 1234 992 1272 die.

184 1286 286 1323 Tam
305 1285 413 1323 facile
431 1286 533 1330 novi,
554 1298 670 1336 quam
689 1299 762 1324 me.
817 1287 942 1335 Salve,
961 1298 1047 1325 mea
1064 1287 1190 1325 soror!

186 1340 305 1377 Plan.
330 1338 460 1377 Frater
477 1339 546 1385 mi,
566 1339 690 1377 salve!

571 1392 703 1430 Phaed.
732 1391 834 1430 Deos
851 1392 936 1431 volo
953 1393 1049 1431 bene
1065 1398 1208 1431 vortere

186 1445 306 1485 Istam
324 1456 404 1483 rem
422 1443 537 1482 vobis.

451 1499 568 1536 Cure.
591 1496 645 1535 Et
658 1510 728 1549 ego
745 1498 852 1536 nobis
870 1497 1072 1543 omnibus;

185 1551 251 1589 Tu
268 1560 313 1589 ut
329 1550 439 1588 hodie
457 1550 655 1590 adveniens
673 1563 816 1589 coenam
833 1550 898 1589 des
915 1550 1093 1589 sororiam
1105 1564 1117 1588 z
1233 1551 1286 1590 60

185 1603 264 1643 Hic
280 1603 489 1656 nuptialem
508 1615 588 1642 cras
607 1604 723 1642 dabit.

615 1658 747 1696 Phaed.
771 1656 1046 1696 Promittimus.

191 1710 307 1748 Ther.
334 1709 435 1749 Tace
453 1716 507 1748 tu,

423 1765 539 1802 Cure.
562 1764 652 1801 Non
669 1771 784 1809 taceo,
804 1763 955 1814 quando
973 1777 1030 1801 res
1048 1763 1160 1802 vortit
1178 1766 1286 1803 bene.

185 1816 250 1854 Tu
268 1815 385 1854 istanc
403 1816 590 1867 desponde
607 1816 709 1866 huic,
729 1817 860 1854 miles·
892 1829 961 1867 ego
979 1817 1104 1856 dotem
1124 1818 1237 1878 dabo.

185 1869 314 1908 Phaed.
344 1869 449 1917 Quid
467 1870 594 1908 dotis?

311 1924 426 1961 Cure.
445 1923 602 1973 Egone.
592 1925 610 1951 2
629 1929 672 1960 ut
690 1935 850 1973 semper,
869 1922 962 1960 dum
981 1922 1095 1971 vivat,
1114 1936 1177 1962 me
1193 1924 1284 1963 alat.

190 1976 307 2014 Ther.
333 1975 479 2013 Verum
499 1975 666 2026 (hercle)
687 1976 783 2021 dico,
803 1988 864 2013 me
881 1975 1034 2015 lubente
1051 1976 1191 2015 feceris.
1229 1977 1282 2015 65

183 2029 238 2067 Et
254 2029 339 2067 leno
356 2027 418 2066 hic
435 2028 544 2066 debet
561 2028 668 2067 nobis
687 2029 840 2080 triginta
856 2028 991 2068 minas.

185 2082 314 2120 Phaed.
340 2081 598 2129 Quamobrem
618 2082 713 2120 istuc
725 2082 743 2118 ’ἓ

527 2135 641 2173 Ther.
669 2135 773 2183 Quia
790 2136 853 2173 ille
869 2135 922 2173 ita
940 2135 1150 2185 repromisit
1166 2135 1276 2183 mihi,
