1435 2400
217 69 266 107 94
498 69 887 110 MENAECHMEI.
914 71 972 110 ΙΙ.
1000 73 1039 108 2.

480 228 662 269 ACTUS
682 231 742 269 ΙΙ.
797 228 980 269 SCENA
1000 229 1060 268 ΙΙ.

214 334 497 373 CYLINDRUS.
523 336 836 374 MENAECHMUS
855 336 1033 375 Sosicles.
1062 335 1312 374 MEssEmo.

217 440 304 488 Cyl.
335 440 441 478 Bene
459 441 661 492 opsonavi3
691 448 819 492 atque,
836 455 883 479 ex
901 441 987 480 mea
1006 442 1204 491 sententia,

211 493 365 530 Bonum
384 502 609 544 anteponam
627 494 829 545 prandium
846 495 1098 545 pransoribus.

211 546 284 583 Sed
303 559 430 584 eccum
450 549 494 585 M
501 548 737 585 enaechmum
755 547 873 586 video
928 548 1000 585 Vae
1018 555 1123 598 tergo
1140 561 1252 587 meo.
1242 549 1252 575 ¹

212 598 352 636 Prius
338 612 418 647 Jam
437 601 600 638 convivae
618 601 815 638 ambulant
832 609 919 639 ante
935 601 1088 648 ostium,

208 652 338 698 Quam
358 665 426 702 ego
439 662 621 704 opsonatu
640 654 760 692 redeo.
795 654 938 702 Adibo,
954 662 1067 705 atque
1080 654 1262 705 alloquar.
1281 656 1306 693 5

210 703 460 753 Menaechme,
481 707 590 745 salve.

368 761 479 797 Men.
510 760 578 797 Dii
596 768 633 798 te
650 760 844 797 amabunt.
898 759 978 798 Scis
997 759 1082 810 quis
1102 772 1170 810 ego
1188 774 1273 799 sum
1286 762 1305 799 Ρ

213 811 298 857 Cyl.
327 811 417 848 Non
435 813 602 863 (hercle)
620 813 728 850 vero!
759 813 840 852 Ubi
857 813 1021 851 convivae
1039 814 1185 852 caeteri
1174 817 1192 841 ’θ

210 865 323 901 ῙῑῙεη.
353 864 459 908 Quos
478 874 521 904 tu
539 865 712 904 convivas
729 865 888 916 quaeris.
878 869 896 894 ’θ

835 921 894 968 Cz
897 921 921 956 I.
950 919 1164 956 Parasitum
1183 925 1309 957 tuum.

207 967 320 1007 Jsen.
349 970 488 1009 Meum
507 970 745 1021 parasitum?
774 971 883 1009 Certe
901 971 991 1009 hic
980 983 1116 1009 msanu
1118 973 1165 1009 'st
1182 972 1312 1010 homo.

382 1024 553 1041 .....

206 1076 318 1112 Eleu.
342 1076 466 1119 Quem
479 1084 520 1114 tu
532 1077 739 1127 parasitum
751 1076 900 1127 quaeris,
912 1077 1138 1124 adolescens,
1150 1090 1280 1116 meum
1291 1077 1310 1115 Ρ

212 1130 258 1166 C
244 1130 297 1177 st.
328 1129 566 1167 Peniculum.

490 1185 594 1221 fides.
621 1182 767 1220 Eccum
783 1182 792 1219 !
823 1183 863 1219 in
881 1182 1009 1221 vidulo
1026 1183 1173 1221 salvum
1190 1183 1283 1221 fero.

209 1236 241 1272 C
242 1236 294 1283 yl.
324 1235 576 1282 Menaechme,
595 1248 753 1274 numero
766 1235 841 1274 huc
853 1236 1007 1274 advenis
1026 1236 1074 1274 ad
1091 1236 1306 1287 prandium.

206 1288 322 1326 Nunc
338 1298 523 1339 opsonatu
541 1289 663 1326 redeo.

571 1344 683 1379 stien-
713 1342 912 1392 Responde
929 1342 1039 1389 mihi,

202 1394 446 1441 Adolescens,
467 1394 605 1445 quibus
622 1395 686 1433 hic
703 1395 832 1446 pretiis
849 1396 954 1446 porci
972 1401 1147 1433 vaeneunt
1256 1395 1303 1432 15

204 1448 333 1485 Sacres
350 1447 483 1485 sinceri
496 1450 514 1485 Ρ

470 1501 557 1549 Cyl.
585 1500 626 1537 N
627 1512 772 1538 ummo

678 1555 790 1591 Men.
818 1554 925 1592 Eum
942 1567 966 1593 a
981 1567 1043 1592 me
1060 1553 1197 1606 accipe.

201 1607 232 1644 J
233 1607 306 1644 ube
324 1614 361 1644 te
378 1605 473 1657 piari
492 1606 538 1644 de
556 1606 643 1644 mea
659 1606 832 1656 pecunia.

200 1660 304 1697 Nam
323 1672 392 1709 ego
410 1659 591 1710 quidem
581 1672 757 1697 insanum
776 1672 854 1698 esse
871 1666 908 1697 te
924 1666 1022 1698 certo
1040 1661 1128 1708 scio,

199 1712 280 1759 Qui
299 1712 392 1750 mihi
412 1711 584 1750 molestu’
587 1725 605 1750 s
624 1713 770 1750 homini
786 1713 928 1764 ignoto,
948 1713 1119 1764 quisquis
1137 1727 1188 1752 es.
1249 1714 1298 1753 19

204 1767 290 1813 Cyl.
319 1765 522 1815 Cylindrus
540 1778 609 1816 ego
627 1778 714 1803 sum
726 1781 737 1802 ι
767 1778 843 1803 non
860 1767 959 1804 nosti
976 1778 1114 1805 nomen
1131 1779 1262 1804 meum
1275 1769 1294 1806 ἓ

200 1819 315 1856 Men.
343 1820 416 1856 Seu
436 1826 477 1855 tu
497 1818 712 1868 Cylindrus,
732 1832 796 1856 seu
817 1819 1052 1865 Coliendrus,
1071 1820 1236 1871 perieris.

197 1871 283 1920 Ego
303 1880 338 1909 te
356 1884 431 1909 non
449 1871 550 1917 novi,
571 1883 691 1922 neque
709 1872 853 1909 novisse
871 1872 962 1910 adeo
981 1873 1078 1910 volo.

202 1926 288 1970 Cgsl.
308 1925 379 1962 Est
393 1924 461 1962 tibi
472 1924 713 1962 Menaechmo
723 1936 861 1962 nomen
874 1933 1037 1973 tantum,
1053 1926 1155 1976 quod
1168 1926 1295 1965 sciam.

200 1978 257 2013 M
255 1990 312 2014 cn
340 1978 416 2014 Pro
434 1990 524 2014 sano
540 1977 714 2028 loqueris,
735 1990 851 2028 quom
869 1990 931 2016 me
948 1979 1114 2030 appellas
1131 1979 1298 2019 nomine.

199 2029 276 2068 Sed
293 2030 361 2067 ubi
379 2030 515 2068 novisti
533 2033 626 2068 me?

557 2085 644 2132 03]ῖ.
668 2083 748 2121 Ubi
766 2096 834 2134 ego
852 2092 889 2122 te
908 2085 1075 2123 noverim
1092 2088 1110 2124 Ζ)
1243 2087 1295 2123 25

199 2135 279 2183 Qui
297 2136 458 2175 amicam
475 2136 612 2176 habeas
629 2136 759 2175 heram
776 2148 916 2187 meam,
935 2138 1033 2177 hanc
1051 2137 1241 2178 Erotium.
