1435 2400
224 77 303 113 220
424 75 605 117 MILES
634 77 966 117 GLORIOSUS.
995 77 1080 116 ΙΙΙ.
1107 79 1143 115 1.

224 181 265 219 Si
283 181 367 233 quis
385 182 438 221 ibi
456 192 511 222 est
529 184 692 233 odiosus,
712 186 804 222 abeo
828 183 1012 230 domum,
1001 198 1011 207 ·
1042 195 1252 222 sermonem
1270 196 1330 221 se-

383 249 510 287 grego.
1275 237 1328 273 60

226 286 428 336 Venerem,
458 303 639 338 amorem,
672 290 1016 340 amoenitatemque,
1047 291 1233 327 accubans
1263 301 1332 326 ex-

383 354 497 381 erceo.

226 395 361 431 Pleas.
385 395 463 433 Tui
482 395 635 446 quidem
652 394 824 447 (edepol)
844 408 975 433 omnes
994 408 1115 433 moros
1126 395 1174 432 ad
1193 407 1331 456 venus-

387 454 501 486 tatem
521 447 658 486 valent.
1194 472 1197 475 >
1228 469 1231 473 -

225 501 328 540 Cedo
347 501 434 539 treis
453 501 548 538 mihi
571 501 742 540 homines
760 501 969 540 aurichalco
993 508 1122 539 contra
1139 484 1237 538 cum
1251 490 1333 536 istis

384 554 566 592 moribus.

226 608 314 645 Pal.
340 607 400 644 At
427 607 598 658 quidem,
622 607 713 645 illuc
739 608 857 646 aetatis
884 607 951 658 qui
979 607 1042 655 sit,
1070 619 1147 644 non
1164 604 1333 643 invenies

388 660 550 698 alterum

226 713 466 764 Lepidiorem
485 713 534 750 ad
552 713 696 752 omneis
714 727 784 761 res,
805 725 873 752 nec
899 713 965 765 qui
983 713 1127 751 amicus
1145 712 1266 750 amico
1283 710 1334 748 sit

384 766 518 817 magis.
1278 765 1331 802 65

225 820 364 869 Pcrip
385 820 488 857 Tute
499 832 561 857 me
578 826 622 857 ut
635 819 786 867 fateare,
805 819 957 867 faciam,
969 832 1046 858 esse
1060 819 1334 857 adolescentem

386 873 579 910 moribus.
1216 894 1229 911 κ-

226 925 290 963 Ita
317 925 420 975 apud
444 925 588 963 omneis
613 928 837 976 comparebo
861 926 931 964 tibi
955 939 1012 964 res
1036 907 1238 964 benefactis
1259 894 1334 962 fre-

387 991 520 1029 quens.

227 1031 386 1081 Opusne
405 1031 473 1068 erit
491 1031 560 1068 tibi
578 1031 758 1069 advocato
776 1031 887 1077 tristi,
906 1030 1085 1069 iracundo
1100 1033 1117 1069 Ρ
1146 1043 1230 1069 ecce
1246 1043 1322 1068 me.

155 1115 177 1137 ἡ,
227 1084 337 1132 Opus
353 1083 431 1121 leni
448 1086 465 1121 Ρ
493 1084 673 1122 leniorem
693 1084 805 1131 dices,
827 1096 942 1134 quam
964 1092 1116 1122 mutum
1136 1082 1186 1121 ’st
1202 1096 1306 1120 mare
1321 1097 1333 1120 ε

227 1136 618 1188 Liquidiusculusque
637 1150 712 1184 ero,
733 1150 849 1187 quam
869 1144 1002 1174 ventus
1021 1144 1076 1175 est
1092 1136 1299 1175 Favonius.

226 1189 302 1227 Vel
333 1189 618 1227 hilarissumum
651 1191 847 1228 convivam
881 1189 970 1228 hinc
996 1190 1165 1228 indidem
1199 1201 1335 1238 expro-

387 1255 492 1280 mam
510 1243 595 1291 tibi,
1281 1242 1343 1286 71.

226 1295 303 1334 Vel
320 1295 543 1346 primarium
562 1296 783 1347 parasitum,
807 1303 921 1348 atque
945 1303 1205 1368 opsonatorem
1223 1301 1334 1346 optu-

386 1361 519 1386 mum:

229 1402 349 1450 Tum,
369 1402 418 1439 ad
437 1402 666 1451 saltandum,
691 1414 767 1440 non
765 1360 998 1441 cinaedn?
969 1374 1137 1441 maIacus
1159 1415 1267 1452 aeque
1286 1402 1335 1439 'st

225 1509 317 1545 Pal.
351 1462 569 1555 tassluzgg
559 1469 643 1547 11135
670 1508 781 1546 arteis
808 1508 978 1559 optassis,
1008 1508 1039 1546 si
1061 1507 1165 1558 optio
1187 1507 1336 1546 eveniat

387 1561 457 1598 tibi
471 1564 488 1599 ἓ

226 1613 359 1651 Pleas.
392 1614 524 1662 Hujus
553 1627 621 1665 pro
649 1613 790 1652 meritis
818 1621 864 1651 ut
892 1614 1021 1652 referti
1049 1615 1188 1667 pariter
1218 1613 1336 1665 possit

386 1667 520 1716 gratia,
1281 1669 1335 1712 75

227 1717 576 1810 Tibiquel'igitmuffi
586 1732 688 1758 nunc
706 1733 768 1758 me
790 1733 869 1758 esse
891 1720 1061 1771 experior
1080 1733 1242 1759 summae
1259 1721 1335 1759 sol-

224 1824 282 1862 At
302 1824 370 1862 tibi
387 1832 493 1863 tanto
511 1825 655 1864 511111ῐαὶ
674 1839 751 1864 esse
768 1825 865 1863 mihi
882 1825 1112 1865 molestum’
1116 1834 1162 1865 st.

953 1881 1090 1930 Perip.
1124 1881 1264 1918 Morus
1282 1893 1334 1918 es.

225 1931 346 1978 Nam,
373 1930 413 1968 in
434 1932 538 1970 mala
565 1944 684 1970 uxore
708 1939 822 1984 atque
844 1932 997 1970 inimico
1016 1933 1046 1972 si
1067 1932 1161 1985 quid
1189 1945 1331 1980 sumas,

386 1992 535 2022 sumtus
554 1993 634 2033 est;

224 2037 275 2075 In
292 2039 391 2076 bono
409 2038 557 2089 hospite
575 2046 688 2089 atque
704 2037 840 2085 amico,
859 2045 1027 2090 quaestus
1048 2046 1118 2087 est,
1142 2038 1245 2090 quod
1268 2051 1332 2077 su-

386 2091 527 2129 mitur:

219 2144 287 2193 Et,
307 2143 410 2197 quod
429 2144 469 2182 in
488 2143 625 2182 divinis
643 2146 754 2183 rebus
771 2157 913 2195 sumas,
933 2143 1094 2196 sapienti
1111 2145 1217 2184 lucro
1230 2142 1290 2181 ’st-
