1435 2400
207 101 285 139 300
459 99 890 139 MOSTELLARIA.
921 100 1002 138 ΙΙΙ.
1035 101 1074 138 3.

437 254 624 295 ACTUS
655 255 738 294 ΙΙΙ.
793 255 977 294 SCENA
1005 254 1089 292 III.

465 361 670 399 TRAmo.
715 361 1069 398 Tnssunopmes.

219 468 339 504 Tran.
368 466 476 515 Quid
495 467 563 506 tibi
582 467 705 505 visum
724 474 779 505 est
795 467 866 504 hoc
883 466 1104 505 mercimoni
1120 468 1136 504 ?

842 521 985 557 leenr.
1017 519 1140 556 Totus
1157 517 1317 569 gaudeo·

219 574 338 610 Tran.
370 574 478 611 Num
497 573 615 611 nimio
634 581 744 611 emtae
761 573 830 610 tibi
848 573 1052 610 videntur?

570 628 710 664 Tloeeur.
741 627 955 676 Nunquam
976 623 1144 676 (edepol)
1165 637 1228 662 me
1245 623 1320 662 scio

214 678 365 718 Vidisse
383 692 543 731 usquam
564 681 728 729 abjectas
746 679 870 725 aedeis,
891 679 962 716 nisi
981 679 1093 716 modo
1110 679 1235 715 hasce.

821 734 941 770 Tran.
968 731 1121 782 Ecquid
1138 731 1288 782 placent
1300 731 1318 767 ?

219 787 362 824 Tlteur.
381 785 532 837 Ecquid
550 786 735 837 placeant,
754 797 818 823 me
830 787 969 836 rogas?
999 785 1128 822 Immo
1150 781 1321 834 (hercle)

374 852 460 877 vero
477 839 706 889 perplacent.

222 893 342 929 Tran.
371 892 626 941 Quojusmodi
644 903 865 942 gynaeceum
881 893 898 929 Ρ
927 890 1021 942 quid
1039 890 1225 942 porticum
1240 891 1258 927 Ρ

738 945 880 982 Thenr.
910 944 1094 982 Insanum
1112 945 1266 981 bonam.
1296 943 1321 978 5

217 999 309 1037 Non
339 999 515 1050 equidem
543 998 663 1036 ullam
693 998 731 1035 in
760 997 913 1047 publico
940 1009 1018 1034 esse
1044 997 1226 1045 majorem
1253 996 1324 1034 hac

375 1060 575 1090 exrstumo.

224 1108 343 1144 Tran.
373 1105 479 1149 Quin
500 1118 568 1155 ego
586 1104 666 1154 ipse
684 1111 721 1142 et
739 1103 976 1142 Philolaches
1003 1103 1043 1140 in
1069 1102 1222 1153 publico
1240 1114 1321 1140 om-

375 1159 455 1196 neis
473 1158 638 1209 porticus

217 1213 359 1251 Sumus
379 1211 596 1250 commensi

303 1267 447 1304 leeur.
477 1265 582 1308 Quid
600 1264 714 1315 igitur
726 1264 744 1300 ¹?

523 1320 643 1355 Tran.
672 1318 807 1368 Longe
825 1317 999 1355 omnium
1016 1315 1274 1367 longissuma’
1277 1321 1324 1352 st.

225 1374 366 1411 leeur.
403 1370 470 1409 Dii
515 1371 769 1409 immortales!
818 1371 1039 1408 mercimoni
1084 1369 1225 1420 lepidi!
1283 1367 1325 1406 Si

379 1426 394 1450 t
379 1423 548 1476 hercle)
569 1437 670 1461 nunc
688 1425 782 1462 ferat

218 1479 294 1517 Sex
313 1478 454 1516 talenta
471 1490 610 1538 magna
628 1477 772 1528 argenti
789 1490 857 1528 pro
875 1477 955 1515 istis
973 1475 1226 1528 praesentaria,
1276 1475 1324 1512 10

219 1532 433 1583 Nunquam
451 1532 644 1582 accipiam.

503 1586 623 1622 Trou.
656 1584 710 1631 Si,
730 1584 832 1629 here,
852 1591 888 1621 te
907 1582 1071 1632 accipere
1090 1581 1234 1633 cupias,
1255 1593 1325 1631 ego

618 1649 817 1687 nunquam
837 1635 970 1673 sinam.

226 1692 369 1729 leenr.
406 1692 512 1729 Bene
536 1704 594 1728 res
625 1698 753 1728 nostra
778 1689 958 1727 collocata
987 1695 1042 1726 est
1070 1688 1162 1725 istoc
1191 1699 1271 1725 mer
1273 1686 1324 1724 ci-

379 1744 521 1782 monio.

226 1800 347 1836 Tran.
379 1798 451 1835 Me
473 1810 621 1834 suasore
648 1804 760 1847 atque
782 1794 1002 1846 impulsore,
1031 1794 1071 1832 id
1088 1793 1234 1832 factum
1257 1805 1327 1831 au-

380 1850 505 1888 dacter
523 1849 660 1896 dicito;

220 1904 302 1951 Qui
320 1903 464 1954 subegi,
479 1903 619 1941 foenore
637 1909 836 1953 argentum
856 1904 903 1940 ab
918 1901 1067 1940 danista
1084 1907 1129 1938 ut
1147 1906 1325 1947 sumeret,

221 1957 339 2005 Quod
356 1957 419 1994 isti
436 1956 611 1994 dedimus
629 1956 840 1993 arrhaboni.

556 2011 661 2047 Theu
667 2023 698 2046 r.
727 2009 928 2048 Servavisti
945 2020 1098 2046 omnem
1115 2014 1247 2045 ratem.
1279 2005 1328 2042 15

222 2065 374 2115 Nempe
392 2063 580 2114 octoginta
598 2063 780 2100 debentur
797 2062 887 2100 huic
904 2062 1032 2100 minae.

685 2117 804 2154 Tran.
836 2115 956 2154 Haud
974 2127 1133 2154 nummo
1151 2111 1327 2163 amplius.

232 2172 373 2209 Theur.
405 2170 531 2210 Hodie
549 2168 717 2221 accipiat.
