1435 2400
238 48 312 87 190
459 50 636 90 MILES
666 49 997 90 GLORIOSUS.
1021 50 1055 89 Ι.
1088 51 1124 89 1.

518 212 707 252 ACTUS
736 213 771 250 Ι.
826 211 1010 250 SCENA
1040 212 1076 250 Ι.

386 317 815 356 Pvncopommces.
855 317 1185 355 ARTOTROGUS.

236 425 364 473 Pyrg.
394 423 547 470 Curate,
566 431 611 462 ut
628 424 802 474 splendor
819 437 905 463 meo
923 423 970 462 sit
988 423 1119 477 clypeo
1137 422 1283 469 clarior,

238 476 366 519 Quam
386 476 474 514 solis
492 477 586 515 radii
603 491 680 515 esse
698 478 805 524 olim,
826 491 914 515 cum
933 477 1071 515 sudum
1083 475 1145 524 ''st,
1166 475 1310 520 solent;

237 530 305 576 Ut,
326 530 392 567 ubi
411 543 500 567 usus
519 531 656 593 νεῴέξ,
677 539 805 569 contra
823 530 991 569 conserta
1010 541 1142 576 manu,

235 582 447 621 Oculorum
465 573 700 634 piabitnngat
717 585 833 631 aciem
854 585 892 621 in
912 584 989 621 acie
1006 583 1190 620 hostibus.

235 635 340 673 Nam
360 648 428 686 ego
446 636 543 675 hanc
563 629 788 675 machaeram
807 637 902 674 mihi
920 635 1102 675 consolari
1119 634 1218 682 volo,
1315 635 1342 669 5

235 689 299 726 Ne
317 689 557 735 lamentetur,
577 703 670 728 neve
688 691 860 742 animum
885 689 1127 740 despondeat,

236 741 340 788 Quia
360 755 398 779 se
413 743 640 794 jampridem
659 743 829 793 ferjatam
846 743 1032 794 gestitem,

238 795 336 838 Quae
354 795 490 833 misera
507 797 618 847 gestit
637 794 816 847 [fartum]
836 797 955 835 facere
974 808 1022 834 ex
1040 794 1224 833 hostibus.

237 848 312 886 Sed
332 849 397 886 ubi
415 849 677 900 Artotrogus?

606 904 721 941 Arto.
750 903 830 941 Hic
849 910 926 941 est:
957 908 1030 940 stat
1047 907 1198 953 propter
1216 900 1342 938 virum

237 953 406 1001 Fortem,
427 962 540 1005 atque
559 954 810 1003 fortunatum,
831 964 868 994 et
885 955 1008 993 forma
1026 954 1153 1004 regie„
1291 954 1341 990 10

238 1007 343 1044 Tum
361 1008 592 1045 bellatorem.
636 1009 746 1048 Mars
763 1009 868 1046 haud
885 1009 985 1046 ausit
1002 1008 1138 1055 dicere,

236 1060 375 1111 Neque
393 1061 624 1112 aequiparare
642 1075 728 1100 suas
750 1063 906 1100 virtutes
925 1061 972 1099 ad
989 1068 1085 1099 tuas.

237 1115 369 1163 Pyrg.
401 1113 578 1157 Quemne
603 1127 672 1166 ego
694 1116 839 1154 servavi
860 1115 901 1153 in
922 1114 1065 1166 campis
1091 1111 1346 1164 Gurgustido-

396 1180 468 1205 nus

236 1220 317 1258 Ubi
335 1195 676 1260 Bombdmachides
698 1219 1170 1272 Cluninstaridysarchides

236 1274 330 1311 Erat
348 1274 551 1323 imperator
570 1287 758 1323 summus,
781 1275 954 1326 Neptuni
972 1275 1118 1326 nepos?
1296 1272 1345 1309 15

236 1327 352 1366 Arto.
380 1327 559 1387 Memini.
601 1329 754 1380 Nempe
776 1329 887 1367 illum
910 1328 1001 1366 dicis
1023 1340 1111 1367 cum
1136 1325 1252 1364 armis
1275 1338 1354 1363 aus
1380 1380 1383 1383 Ι

396 1393 480 1429 re1s,

239 1433 391 1482 Quojus
411 1442 450 1471 tu
470 1433 634 1483 legiones
653 1435 844 1473 difflavisti
863 1435 1010 1486 spiritu,

239 1487 362 1533 Quasi
381 1494 513 1524 ventus
531 1486 634 1533 folia,
650 1496 715 1526 aut
737 1488 972 1539 [paniculam
992 1486 1220 1537 tectoriam.]

239 1542 372 1589 Pyrg.
399 1540 505 1577 Istuc
524 1540 678 1589 quidem
696 1541 862 1591 (edepol)
880 1541 976 1577 nihil
995 1549 1061 1577 est.

624 1594 662 1631 A
668 1600 739 1631 rto.
768 1594 879 1632 Nihil
898 1593 1064 1639 (hercle)
1084 1591 1240 1643 quidem
1257 1591 1342 1638 hoc,

240 1646 326 1684 Prae
344 1652 388 1682 ut
406 1645 480 1683 alia
499 1646 635 1693 dicam,
655 1654 698 1684 tu
716 1660 802 1697 quae
820 1659 1018 1697 nunquam
1037 1645 1177 1684 feceris.
1296 1646 1348 1682 20

243 1698 496 1747 Perjuriorem
515 1699 586 1736 hoc
604 1699 798 1738 hominem
817 1700 849 1737 si
867 1700 952 1750 quis
967 1699 1115 1746 viderit,

240 1752 327 1789 Aut
344 1751 548 1801 gloriarum
567 1752 788 1803 pleniorem,
809 1766 925 1803 quam
944 1753 1022 1790 illic
1040 1759 1110 1800 est,

242 1805 314 1843 Me
333 1805 403 1841 sibi
421 1805 570 1853 habeto,
592 1812 628 1842 et
643 1818 711 1855 ego
728 1818 790 1843 me
807 1807 1010 1856 mancupio
1029 1806 1127 1844 dabo

240 1857 417 1908 Epityro,
437 1865 481 1895 ut
499 1859 602 1907 apud
620 1858 732 1896 illum
751 1859 912 1897 esuriam
933 1860 1064 1897 insane
1081 1861 1196 1897 bene.v

243 1910 371 1960 Pyrg.
397 1911 477 1949 Ubi
494 1920 536 1948 tu
556 1911 622 1949 es?

347 1965 463 2002 Arto.
490 1964 649 2002 Eccum.
688 1963 852 2015 Edepol,
873 1964 933 2002 vel
951 1964 1150 2015 elephanto
1167 1963 1208 2002 in
1234 1962 1351 2002 India

243 2016 335 2064 Quo
354 2024 464 2067 pacto
482 2030 612 2068 pugno
629 2017 841 2068 perfregisti
857 2017 1080 2056 brachium!
1235 2042 1238 2043 ν
1295 2017 1349 2054 26

246 2072 377 2120 Pyrg.
405 2070 526 2120 Quid,
545 2071 742 2111 brachium
757 2073 775 2108 Ρ

675 2124 790 2165 Arto.
818 2123 923 2164 Illud
940 2124 1062 2164 dicere
1079 2123 1196 2174 volui,
1214 2122 1353 2163 femur.
