1435 2400
247 128 324 166 304
497 130 926 171 MOSTELLARIA.
958 132 1032 170 IV.
1062 134 1100 170 2.

255 235 400 272 Thoar.
439 235 549 275 Heus
576 251 655 282 vos,
684 239 792 289 pueri
808 239 817 276 i
857 239 950 291 quid
982 240 1064 278 istic
1091 236 1229 290 agitis?
1257 236 1350 289 quid

404 288 494 327 istas
512 290 622 328 aedeis
640 291 813 342 frangitis
827 295 845 330 Ρ

249 340 378 378 ΡῘιαη.
411 341 539 381 Herus
557 342 620 381 hic
633 352 758 383 noster
775 353 893 395 potat.

569 398 710 435 Tleeur.
741 399 870 437 Herus
887 399 950 436 hic
968 406 1089 438 voster
1107 401 1243 451 potat?

889 453 1018 490 ΡΙιαη.
1045 453 1108 491 Ita
1124 453 1270 503 loquor.
1297 451 1350 489 30

253 499 395 539 The-nr.
423 501 526 540 Puer
543 503 706 541 nimium
727 517 764 542 es
783 505 978 544 delicatus.

714 559 843 595 Phan.
872 559 923 596 Ei
942 559 1144 598 advorsum
1162 557 1347 597 venimus.

254 607 394 645 Tlccur.
424 607 723 655 Quoi-homini?

429 663 558 699 Phan.
581 662 686 700 Hero
705 673 842 703 nostro.
881 665 1035 712 Quaeso,
1056 664 1201 716 quoties
1219 663 1352 702 dicun-

512 715 605 752 dum
619 717 667 754 ’st
686 718 784 756 tibi?

253 766 398 804 Tlaeeur.
427 768 541 815 Puer,
562 768 625 807 hic
646 782 759 807 nemo
783 770 953 810 habitat:
983 784 1073 809 nam
1092 778 1129 809 te
1153 783 1233 809 esse
1250 769 1350 808 arbi-

405 828 481 858 tror
499 834 660 871 puerum
680 826 855 873 probum.

245 873 375 910 ΡΙιαη.
408 875 449 911 N
452 885 500 910 on
520 875 582 912 hic
601 875 838 916 Philolaches
856 877 1068 917 adolescens
1085 878 1232 916 habitat
1248 876 1350 914 hisce

403 927 547 964 aedibus
562 927 580 963 ⁶?

245 981 330 1017 Ser.
357 980 481 1018 Senex
498 979 560 1017 hic
579 983 790 1021 cerebrosus
809 990 863 1021 est
881 992 991 1022 certe.

654 1037 784 1073 Phon.
813 1037 928 1075 Erras
947 1049 1135 1088 pervorse,
1152 1044 1270 1089 pater.
1299 1037 1351 1074 35

243 1085 363 1131 Nam,
383 1085 455 1124 nisi
473 1085 562 1125 hinc
580 1087 692 1126 hodie
710 1090 921 1140 emigravit,
942 1097 1009 1129 aut
1022 1090 1117 1137 heri,
1132 1098 1232 1130 cervo
1249 1089 1326 1127 scio

249 1138 327 1176 Hic
347 1139 528 1178 habitare.

515 1194 656 1232 leeur.
686 1194 794 1242 Quin
812 1209 878 1235 sex
893 1210 1040 1237 menses
1054 1199 1137 1248 jam
1154 1196 1219 1236 hic
1236 1208 1349 1235 nemo

618 1247 765 1287 habitat

776 1304 859 1342 Ser.
889 1303 1077 1343 Somnias.

249 1353 392 1391 Theur.
425 1355 592 1405 Egone?

510 1410 594 1447 Ser.
633 1409 710 1448 Tu.

618 1464 762 1502 leeur.
796 1465 862 1503 Tu
884 1479 932 1504 ne
949 1467 1130 1506 molestus
1143 1481 1155 1505 ι
1185 1464 1266 1503 sine
1283 1475 1347 1502 me

718 1530 806 1556 cum
825 1532 942 1569 puero
960 1520 1078 1571 loqui.

241 1566 370 1604 ΡΙιαη.
400 1567 530 1606 Nemo
548 1570 722 1609 habitat?
750 1572 839 1610 hem
857 1573 867 1610 Ξ

460 1624 603 1660 ΤΙιειιν.
633 1624 696 1661 Ita
713 1625 891 1675 profecto.

602 1678 732 1714 Plzan.
759 1678 865 1715 Nam
883 1678 965 1717 heri
983 1686 1020 1718 et
1037 1679 1178 1717 nudius
1198 1678 1344 1726 tertius,

239 1726 424 1774 Quartus,
446 1726 615 1777 quintus,
637 1736 776 1768 sextus
787 1743 921 1781 usque,
934 1739 1137 1784 postquam
1155 1732 1244 1770 hinc
1261 1745 1347 1783 per-

398 1793 485 1830 egre
504 1781 585 1828 ejus
603 1789 708 1832 pater
1199 1803 1202 1805 ,
1294 1785 1347 1823 40

235 1831 361 1879 Abiit,
383 1845 581 1884 nunquam
605 1835 669 1873 hic
692 1836 861 1876 triduum
886 1839 926 1876 in
952 1851 1074 1876 unum
1100 1838 1264 1877 desitum
1292 1845 1347 1876 est

398 1899 478 1924 esse
496 1896 532 1923 et
550 1888 641 1925 bibi.

246 1940 391 1976 leeur.
423 1939 531 1986 Quid
551 1941 605 1978 ais
622 1943 638 1979 ἓ

520 1995 649 2032 ΡῘιαη.
679 1995 870 2036 Triduum
893 1997 1074 2051 in}unum
1093 2006 1148 2036 est
1164 1997 1267 2037 haud
1288 1998 1347 2035 in-

625 2049 837 2088 termissum
860 2052 923 2090 hic
941 2065 1019 2090 ffise
1037 2060 1074 2089 et
1091 2051 1184 2099 bibi,

236 2099 364 2136 Soorta
382 2099 482 2147 duci,
503 2102 736 2151 pergraecari,
761 2103 943 2155 fidicinas,
964 2105 1136 2144 tibicinas

237 2151 397 2190 Ducere.
