1435 2400
480 91 763 131 EHDICUS.
793 93 827 130 Ι.
863 93 896 130 1.
1193 92 1241 129 -ss

401 251 586 292 ACTUS
613 250 650 289 Ι.
706 251 893 291 SCENA
921 251 956 290 1.

404 359 646 397 Emmccs.
688 358 950 397 Tussspmo.

126 469 244 520 Epid-
276 466 401 514 Heus,
420 465 662 504 adolescens!

253 522 364 559 Thes.
393 519 493 568 Quis
511 526 776 570 properantem
793 531 857 557 me
874 517 1073 570 prehendit
1090 517 1206 569 pallio
1219 519 1237 556 ?

127 576 249 625 Epid.
278 573 506 612 Familiaris.

204 629 315 666 Thes.
345 629 506 666 Fateor:
536 638 628 664 nam
646 626 732 664 odio
751 638 790 664 es
808 625 973 664 nimium
990 624 1240 663 familiariter.

126 683 249 734 Epid.
278 682 434 734 Respice
449 692 550 728 vero,
574 680 775 730 Thesprio.

421 735 532 772 Thes.
562 733 625 772 Οἱ
658 733 914 784 Epidicumne
932 745 1001 784 ego
1019 729 1238 783 conspicor?

129 791 250 840 Epid.
279 791 413 830 Certe:
443 787 562 826 oculis
580 795 680 825 recte
698 786 824 825 uteris.

611 842 723 878 Thes.
753 840 876 879 Salve.

671 895 791 944 Epid.
818 893 888 931 Dii
906 892 1010 940 dent,
1031 905 1119 945 quae
1137 892 1242 931 velis.

129 951 271 990 Venire
290 950 439 988 salvum
457 949 617 1000 gaudeo,

405 1004 517 1041 Thes.
545 1001 655 1050 Quid
673 1009 852 1039 caeterum
866 1002 884 1037 ?

693 1055 813 1104 Epid.
843 1052 962 1101 Quod
980 1065 1024 1091 eo
1043 1053 1192 1101 assolet,
1219 1054 1245 1089 5

131 1110 249 1150 Coena
267 1109 338 1148 tibi
356 1109 521 1147 dabitur.

351 1163 464 1200 Thes.
492 1161 681 1212 Spondeo.

455 1216 575 1265 Epid.
603 1213 738 1261 Quid?

570 1268 680 1306 Thes.
711 1266 783 1304 Me
800 1272 1057 1317 accepturum,
1077 1265 1109 1304 si
1127 1264 1249 1304 dabis.

137 1324 258 1375 Epid.
287 1322 395 1371 Quid
414 1321 488 1360 tu?
517 1321 599 1372 agis
617 1328 661 1358 ut
680 1320 804 1358 velis?

460 1377 571 1414 Thes.
599 1374 839 1424 Exemplum
858 1372 974 1411 adaet.

660 1428 780 1477 Epid.
812 1426 1007 1478 Intelligo.
1046 1425 1218 1477 Eugepae
1234 1425 1246 1463 Ε

137 1483 404 1536 Corpulentior
422 1482 562 1530 videre,
583 1488 696 1532 atque
713 1480 890 1519 habitior.

853 1535 963 1572 Thes.
994 1532 1100 1571 Huic
1118 1531 1250 1583 gratia.

136 1592 256 1641 Epid.
286 1591 417 1635 Quam
436 1588 592 1641 quidem
608 1587 759 1638 jamdiu
777 1595 814 1626 te
831 1586 1037 1638 perdidisse
1055 1586 1234 1636 oportuit.

143 1646 257 1684 Thes.
286 1645 423 1683 Minus
439 1645 521 1694 jam
539 1642 726 1680 furtfficus
745 1654 845 1687 sum,
861 1653 979 1692 quam
997 1639 1166 1678 antehac.

514 1697 633 1746 Epid.
663 1693 772 1741 Quid
788 1695 842 1732 ita
855 1696 873 1732 ?

679 1749 791 1785 Thes.
820 1747 946 1798 Rapio
964 1746 1175 1798 propalam.
1202 1746 1252 1784 10

141 1806 260 1857 Epid.
287 1804 356 1842 Dii
370 1804 602 1842 immortalae
620 1801 870 1840 infelicitent!
895 1808 939 1839 ut
957 1809 1000 1839 tu
1019 1813 1057 1839 ὅ
1074 1799 1254 1851 gradibus

396 1857 507 1895 dibus
522 1858 531 1895 !

141 1912 263 1960 Nam,
282 1871 448 1962 uffiud
469 1917 624 1962 portum
645 1916 683 1947 te
704 1907 899 1960 conspexi,
923 1907 1108 1947 curriculo
1129 1905 1257 1957 occepi

370 1976 411 2001 m
423 1978 435 2001 ε

143 2017 226 2057 Vix
244 1977 479 2069 adizegcundi
496 2023 659 2068 potestas
671 2016 786 2054 modo
799 2015 886 2054 fuit.

738 2070 850 2108 Thes.
879 2069 1018 2107 Scurra
1036 2081 1086 2106 ω,

1010 2122 1129 2171 ΕΡέᾱ.
1157 2120 1258 2166 Seio,

148 2179 207 2219 Te
228 2191 306 2218 esse
324 2176 481 2230 quidem
498 2176 694 2217 hominem
711 2176 929 2216 militarem.
1027 2228 1051 2264 3

978 2238 1006 2266 Ε
