1435 2400
447 113 838 152 MENAECHMEI.
867 114 942 153 IV.
977 119 1011 152 1.
1199 115 1273 153 105

171 220 271 257 Anc-
300 219 418 259 Istuc-

196 274 353 311 rum.
381 272 732 311 Ubifflaearmillae
750 280 852 320 sunt,
873 285 967 324 quas
985 274 1062 312 una
1079 272 1196 312 dedi?
1227 275 1275 312 13

169 326 270 363 Anc-
298 327 513 378 Nunquam
530 325 664 364 dedisti
675 325 693 361 ’ἒ

600 380 714 416 Men.
742 378 848 416 Nam
866 378 968 431 (pol)
987 379 1058 418 hoc
1079 380 1158 418 una
1175 380 1275 420 dedi,

170 433 271 470 Anc-
299 433 437 472 Dimm
455 432 612 471 curare?

592 488 705 524 Men.
735 485 887 524 Dicito.
917 486 1120 525 curabitur.
1224 487 1272 524 15

169 538 222 577 Et
240 539 342 590 palla
360 547 396 578 et
413 539 594 590 spinther,
614 539 719 584 faxo,
738 538 946 577 referantur
964 540 1090 578 simul.

168 595 270 630 Aac.
294 593 462 640 Amabo,
481 593 536 630 mi
555 591 992 638 Menaechme,inau1eis
1011 593 1059 630 da
1076 592 1172 630 mihi

170 645 382 684 Faciundas
400 646 526 696 pondo
544 645 664 683 duum
678 648 881 683 nummum
899 645 1110 696 stalagmia,

169 698 226 736 Ut
244 706 280 736 te
296 699 455 737 libenter
473 698 635 746 videam,
657 711 774 750 quom
792 698 841 736 ad
857 711 925 736 nos
943 699 1102 737 veneris.

167 753 281 789 Men.
309 752 420 790 Fiat·
410 767 420 790 :
450 752 540 790 cedo
558 765 716 789 aurum·
705 781 718 798 ‚
746 763 815 802 ego
833 752 1116 802 manupretium
1134 750 1244 790 dabo.

168 805 266 842 Anc.
296 805 374 852 Da,
395 805 514 853 sodes,
534 806 600 842 abs
618 813 678 843 te:
708 812 792 856 post
810 817 880 855 ego
897 805 1091 843 reddideso
1109 804 1191 843 tibi.
1219 804 1269 842 21

167 859 282 895 Men.
309 858 452 907 Immo,
473 858 563 896 cedo
581 859 649 896 abs
667 865 717 895 te.

512 911 615 949 Aac.
645 911 732 962 Ego
749 919 834 962 post
853 911 923 949 tibi
940 911 1094 950 reddam
1113 911 1268 962 duplex.

169 966 283 1002 Men.
312 964 403 1002 Non
420 965 555 1003 habeo.

425 1018 465 1055 A
470 1031 526 1055 nc.
553 1018 611 1056 At
629 1024 686 1064 tu,
707 1017 860 1069 quando
876 1017 1046 1067 habebis,
1065 1025 1149 1056 tum
1167 1017 1268 1056 dato.

169 1070 374 1122 Numquid
391 1083 454 1109 me
471 1070 526 1108 vis
541 1073 559 1109 ?

540 1125 652 1162 splen.
690 1125 786 1162 Haec
803 1136 866 1163 me
885 1131 1103 1162 curaturum
1122 1123 1247 1168 dicito,

169 1177 239 1223 Ut,
264 1178 467 1228 [quantum
484 1178 641 1228 possint,
662 1178 806 1228 quique
822 1177 973 1224 liceant,
993 1184 1176 1215 vaeneant.
1183 1175 1199 1229 ]
1218 1178 1269 1214 25

167 1230 198 1268 J
200 1241 310 1268 amne
329 1230 420 1268 abiit
438 1229 564 1268 intro?
588 1230 750 1273 Abivit·
780 1230 926 1281 operuit
944 1230 1066 1268 foreis.

167 1283 237 1321 Dii
254 1296 316 1321 me
334 1283 510 1334 equidem
527 1295 658 1321 omnae
676 1283 871 1332 adjuvant,
891 1291 1043 1334 augent,
1063 1290 1205 1321 amant.

169 1337 244 1374 Sed
263 1336 355 1388 quid
374 1349 442 1387 ego
460 1348 574 1382 cesse,
593 1336 687 1374 dum
708 1337 819 1374 datur
839 1336 932 1373 mihi
950 1337 1093 1375 occasio

170 1390 432 1441 Tempusque,
452 1389 554 1427 abire
572 1390 620 1427 ab
637 1389 697 1426 his
714 1389 805 1427 locis
818 1389 1004 1427 lenoniis?

166 1443 346 1494 Propera,
366 1441 630 1487 Menaechme;
660 1442 716 1480 fer
733 1442 893 1493 pedem;
923 1443 1047 1480 confer
1065 1442 1240 1492 gradum.

168 1495 336 1535 Demam
367 1507 556 1542 coronam,
594 1502 708 1547 atque
739 1495 913 1544 abjiciam
946 1495 995 1533 ad
1025 1496 1159 1534 laevam
1188 1508 1272 1534 ma-

324 1562 445 1595 num,
1217 1549 1267 1587 31

166 1604 237 1650 Ut,
256 1603 286 1641 si
305 1602 371 1654 qui
390 1609 608 1653 sequantur,
627 1602 698 1639 hac
715 1614 778 1639 me
795 1601 911 1640 abiise
928 1609 1114 1640 censaent.

168 1657 254 1701 Ibo,
275 1663 311 1694 et
328 1656 549 1694 conveniam
568 1667 731 1699 servum,
752 1655 784 1692 si
801 1662 943 1705 potero,
963 1667 1107 1702 meum,

168 1709 225 1748 Ut
241 1709 334 1757 haec,
355 1722 441 1760 quae
458 1710 558 1747 bona
574 1708 667 1746 dant
685 1707 754 1745 Dii
771 1707 880 1755 mihi,
901 1721 947 1746 ex
966 1720 1029 1745 me
1047 1708 1146 1747 sciat.

427 1869 610 1908 ACTUS
638 1868 713 1906 IV.
768 1868 953 1907 SCENA
982 1867 1016 1905 Ι.

460 1974 668 2012 Momm.
707 1974 979 2012 Pssmcuws.

169 2084 278 2121 Mul
310 2082 444 2132 Egone
459 2080 524 2118 hic
540 2092 603 2118 me
620 2081 740 2131 patiar
756 2081 797 2118 in
811 2080 1066 2126 matrimonio,

168 2135 248 2174 Ubi
266 2135 323 2173 vir
339 2133 514 2184 compilet
532 2133 746 2171 clanculum
764 2133 951 2185 quidquid
968 2108 1099 2170 domi’
1100 2140 1149 2176 st,

170 2189 302 2239 Atque
319 2187 367 2226 ad
386 2186 546 2225 amioum
566 2184 737 2224 deferat?
