1435 2400
267 84 346 121 208
482 82 659 123 MILES
686 82 1015 122 GLORIOSUS.
1039 83 1098 122 11.
1123 85 1162 121 5.

269 187 378 226 Heus
397 187 563 240 (hercle)
583 189 779 242 praesentia
797 189 950 228 omnia!
983 189 1064 227 Abi
1082 189 1193 238 intro,
1213 196 1250 228 et
1267 201 1371 227 oom-

428 255 590 292 precare.
1318 242 1366 279 41

268 293 310 331 N
312 295 514 333 arraudum
535 309 603 348 ego
620 296 716 334 istuc
733 295 855 334 Militi
872 307 1013 334 censeo.

920 350 1029 386 Plcil.
1057 348 1195 386 Facere
1213 355 1370 387 certum.

270 400 409 451 Neque
437 413 499 440 me
528 402 683 453 quidem
713 402 834 452 patiar
853 402 980 452 probri
1004 401 1099 440 falso
1126 402 1285 452 impune
1312 401 1372 438 in-

429 455 659 493 simulatam.

274 508 371 544 Scel.
395 507 543 550 Timeo,
563 509 655 559 quid
674 521 799 546 rerum
818 507 993 558 gesserim
1009 522 1019 545 ε
1051 507 1104 545 ita
1121 507 1254 545 dorsus
1272 514 1375 546 totus

427 571 564 610 prunt.

271 614 361 651 Pal.
386 614 502 652 Sci'n’
522 624 558 652 te
576 614 757 666 periisse?
786 626 887 652 nunc
906 614 1059 665 quidem
1080 613 1184 651 domi
1201 620 1299 652 certo
1313 615 1331 651 ?

917 669 1012 705 Scel.
1038 668 1151 706 Certa
1167 679 1226 704 res
1244 674 1300 705 est
1324 668 1376 704 45

269 719 310 756 N
313 731 386 756 unc
404 727 575 758 nostrum
593 723 787 759 observare
805 721 958 766 ostium,
978 721 1044 758 ubi
1062 720 1128 758 ubi
1147 720 1207 757 sit.

818 775 907 811 Pal.
932 774 1004 818 At,
1025 772 1209 819 Sceledre,
1229 785 1372 824 quaeso‚

270 825 326 863 Ut
340 825 387 862 ad
401 826 440 863 id
455 827 674 878 exemplum
689 827 880 864 somnium
895 839 1010 878 quam
1027 825 1147 864 simile
1159 825 1374 870 somniavit,

269 879 402 928 Atque
416 888 459 916 ut
473 888 514 916 tu
533 881 742 930 suspicatus
757 893 795 917 es
811 893 893 917 eam
909 879 1043 917 vidisse
1062 887 1098 916 te
1115 879 1373 916 osculantem!

273 933 369 969 Scez.
399 933 469 970 Me
488 945 570 970 eam
589 945 664 970 non
688 933 822 970 vidisse
840 933 1028 970 arbitraris
1041 934 1059 970 Ρ

571 987 661 1023 Pal.
688 986 775 1031 Nae,
796 993 853 1031 tu,
872 985 1006 1028 hercle,
1025 985 1170 1035 opinor,
1192 985 1375 1032 (obsecro,

272 1037 481 1087 Resipisce)
513 1039 543 1075 si
573 1038 621 1075 ad
645 1039 782 1075 herum
808 1037 888 1076 haec
912 1051 969 1075 res
997 1037 1220 1088 pervenerit,
1246 1038 1378 1088 peristi

430 1091 600 1141 pulchre.
1326 1092 1378 1128 50

274 1144 370 1181 Scel.
396 1144 513 1181 Nunc
538 1144 694 1182 demum
720 1144 903 1194 experior,
926 1144 1032 1195 prius
1059 1146 1108 1182 ob
1126 1143 1254 1182 oculos
1281 1143 1378 1181 mihi

433 1197 632 1248 caliginem
652 1198 847 1236 obstitisse.

274 1251 365 1287 Pal.
385 1248 547 1288 Dudum
569 1251 735 1302 (edepol)
754 1251 826 1289 hoc
842 1252 1000 1302 planum
1016 1249 1167 1302 quidem
1183 1264 1193 1288 ε
1216 1263 1302 1301 quae
1315 1249 1380 1288 hic

431 1316 552 1354 usque
569 1305 684 1342 fuerit
702 1304 815 1342 intus.

276 1358 373 1394 Seel.
404 1356 515 1394 Nihil
533 1357 653 1396 habeo
672 1358 762 1395 certi
779 1357 872 1408 quid
893 1358 1028 1409 loquar
1044 1371 1054 1394 x
1087 1369 1162 1395 non
1180 1357 1258 1395 vidi
1280 1369 1379 1405 eam,

434 1410 502 1447 etsi
520 1411 610 1447 vidi.

275 1463 366 1500 Pal.
382 1462 469 1509 Nae,
483 1472 525 1500 tu
538 1463 704 1514 (edepol)
719 1463 880 1501 stultitia
895 1464 962 1501 tu&
975 1476 1044 1501 nos
1053 1475 1160 1514 paene
1172 1462 1379 1513 perdidisti„

271 1514 382 1553 Dum
413 1523 449 1553 te
477 1516 629 1554 fidelem
659 1517 779 1555 facere
804 1516 894 1554 hero
919 1516 1085 1562 voluisti,
1116 1518 1314 1554 absumtus
1341 1528 1380 1554 es

459 1581 550 1606 aene.
1329 1571 1381 1606 55

272 1620 347 1659 Sed
365 1582 462 1660 forgs
480 1621 593 1660 vicini
610 1622 789 1672 proxumi
807 1631 1055 1674 crepuerunt:
1086 1621 1335 1661 conticiscam.

530 1780 714 1820 ACTUS
743 1781 802 1819 II.
857 1782 1042 1820 SCENA
1070 1782 1122 1820 V.

299 1887 712 1925 PH1LOCOMA81UM.
752 1872 1045 1925 PAL'AEsTmo.
1085 1889 1365 1927 SCELEDRUS.

275 1995 385 2032 Phil.
417 1993 525 2084 111le
531 1993 659 2044 ignem
677 1994 717 2032 in
737 2007 855 2042 aram,
875 2002 920 2032 ut
931 1994 1108 2045 Ephesiae
1123 1994 1260 2032 Dianae
1276 1992 1383 2033 laut'a

451 2060 499 2084 au
528 2060 566 2084 es

275 2099 486 2150 Gratesque
504 2112 629 2148 agam,
657 2101 767 2153 eique
784 2108 828 2140 ut
845 2101 1012 2141 Arabico
1031 2101 1240 2140 fumificem
1269 2100 1381 2140 odore

438 2165 608 2200 amoene3
