1435 2400
174 57 198 93 8
519 55 821 96 CURCULIO.
850 55 885 94 Ι.
913 58 953 95 2.

172 162 307 200 Phaed.
335 162 458 201 Salve.

258 217 377 252 Lena.
408 215 535 266 Egon'
554 215 657 254 salva
673 215 759 261 sim,
779 226 867 265 quae
884 215 945 252 siti
964 214 1059 253 sicca
1077 227 1159 253 sum
1176 218 1194 254 ?
1223 217 1274 253 26

170 268 304 306 Phoed.
331 268 390 306 At
405 269 486 317 jam
504 268 622 307 bibes.

486 322 605 359 Lena.
636 319 717 357 Diu
738 319 793 357 fit.

622 374 761 411 Phaed.
790 372 894 410 Hem
914 373 998 421 tibi,
1018 385 1114 411 anus
1131 374 1269 425 lepida.

166 428 291 465 Lena.
317 427 443 475 Salve,
463 427 676 466 oculissime
693 426 820 463 homo.

659 481 793 517 Palin.
821 479 923 529 Age,
944 479 1095 517 effunde
1113 480 1183 518 hoc
1201 480 1275 519 cito

166 531 215 568 In
235 531 481 570 barathrum:
512 544 670 584 propere
687 532 819 583 prolue
837 533 1050 623 eloacam&
1092 586 1115 622 d
1156 585 1193 622 Τ

1049 600 1089 624 ιιε
1119 615 1127 624 .
1195 599 1273 624 ace.

163 637 264 675 Nolo
282 637 371 676 huic
389 637 578 676 maledici.

466 693 599 728 Palin-
629 691 782 729 Faciam
802 691 918 741 igitur
936 692 1036 729 male
1054 691 1192 742 potius.
1220 692 1275 729 30

163 745 283 781 Lena..
311 743 461 790 Venus,
481 744 527 782 de
545 744 660 795 paulo
678 744 879 795 paululum
900 745 971 784 hoc
989 745 1059 782 tibi
1077 745 1190 793 dabo,

163 797 283 834 Haud
300 797 497 835 lubenter:
527 810 618 835 nam
636 798 705 835 tibi
723 805 906 842 amanteS,
927 798 1183 848 propinantes,

162 849 312 887 Vinum
331 858 517 898 potantes»,
537 850 629 888 dant
647 863 799 888 omnes:
830 850 926 888 mihi
943 851 1048 888 haud
1067 863 1166 901 saepe

165 902 362 941 Eveniunt
380 904 472 942 tales
489 903 736 942 haereditates.

838 957 973 994 Palz'n.
1003 955 1090 994 Hoc
1109 955 1207 1005 vide,
1229 963 1272 994 ut

162 1007 378 1059 Ingurgitat
395 1008 548 1059 impura
564 1010 605 1047 in
624 1022 663 1048 se
680 1021 830 1048 merum
848 1009 1021 1055 avariter‚
1218 1010 1270 1046 35

163 1059 348 1099 Faucibu’
369 1061 515 1111 plenis!

374 1116 515 1152 Phaed.
544 1115 660 1162 Perii,
678 1114 829 1153 hercle!
871 1114 977 1153 Huic
991 1114 1085 1166 quid
1104 1115 1273 1166 primum

482 1167 622 1217 dicam,

167 1220 318 1259 Nescio.

321 1275 457 1311 Palin.
487 1273 594 1312 Hem
611 1272 722 1321 istuc,
742 1272 846 1323 quod
863 1272 959 1310 mihi
978 1273 1087 1311 dixti.

838 1327 973 1364 Phaed.
1002 1325 1109 1373 Quid
1124 1325 1163 1363 id
1184 1327 1268 1364 est?

161 1380 297 1417 Ραῑὶη.
331 1379 492 1417 Periisse
510 1383 554 1415 ut
573 1384 610 1415 te
626 1377 739 1415 dicas.

638 1431 773 1469 Phaed.
801 1429 910 1468 Male
924 1431 993 1469 tibi
1011 1430 1080 1469 Dii
1097 1432 1237 1470 faciant
1253 1433 1263 1470 Ξ

160 1486 296 1523 Ραῖἱη.
328 1484 418 1531 Dic,
441 1485 469 1506 ‘⁶
488 1483 593 1521 isti.”

371 1539 494 1576 Lena.
522 1536 592 1574 Ah
610 1536 620 1573 !

479 1591 615 1628 Palm.
643 1588 750 1636 Quid
769 1594 825 1627 est
837 1590 856 1626 ?
885 1590 1021 1640 ecquid
1038 1591 1144 1629 lubet
1156 1592 1174 1628 ἲ

980 1645 1100 1682 Lena.
1128 1645 1271 1684 Lubet.

157 1697 291 1735 Ραῖἱη.
319 1696 452 1734 Etiam
469 1694 566 1734 mihi
583 1707 737 1746 quoque
755 1694 911 1734 stimulo
930 1696 1056 1736 fodere
1073 1697 1182 1736 lubet
1199 1704 1247 1737 te.

160 1750 296 1789 Phaed.
324 1750 441 1796 Tace,
460 1749 550 1787 noli.

405 1804 540 1841 Palm.
571 1802 709 1840 Taceo.
748 1800 849 1839 Ecce
867 1810 997 1841 autem
1014 1803 1111 1842 bibit
1129 1816 1236 1842 arcus
1251 1818 1264 1849 ς

511 1856 620 1906 pluet
1215 1857 1263 1894 41

156 1908 280 1948 Credo
297 1913 313 1953 (
329 1907 473 1955 hercle)
488 1908 614 1946 hodie.

425 1963 558 2001 Phaed.
587 1961 618 2000 J
619 1974 731 2000 amne
749 1974 818 2013 ego
836 1961 925 2000 huic
944 1962 1056 2001 dico?

851 2018 985 2055 Palin.
1014 2016 1122 2066 Quid
1140 2015 1239 2056 dices
1250 2015 1269 2053 Ρ

157 2068 291 2108 Phaed.
320 2067 393 2108 Me
410 2068 573 2120 periisse.

478 2123 613 2161 Palin.
643 2122 747 2173 Age,
766 2123 862 2163 dice.
