1435 2400
221 88 401 128 MILES
427 88 763 129 GLORIOSUs.
789 90 866 128 IV.
901 91 937 130 l.
1052 92 1130 131 235

24 199 154 248 Pyrg.
184 195 361 246 Nuptau’
380 197 486 245 ea'st‚
507 208 555 234 an
575 195 690 233 vidua
702 195 721 232 ?

390 251 483 288 Pal.
510 250 565 287 Et
583 257 704 299 nupta
723 257 759 287 et
778 249 904 287 vidua.

556 304 687 351 Pyrg.
715 302 806 350 Quo
824 313 935 352 pacto
952 304 1051 354 potis
1081 305 1129 343 18

20 354 151 394 Vidua
170 362 208 393 et
225 363 346 407 nupta
363 369 442 394 aese
460 355 623 394 aedem?

246 411 338 447 Pal.
368 409 471 454 Quia
489 409 703 448 adolescens
721 416 843 461 nupta
856 410 905 447 'st
923 421 1011 448 cum
1030 423 1130 450 sene.

20 463 148 513 Pyr-g.
177 462 290 512 Euge
306 463 316 500 Σ

182 517 273 554 Pal.
303 515 451 568 Lepida
469 524 506 555 et
522 516 671 555 liberali
685 515 808 554 form&
823 523 889 554 est.

515 571 644 620 Pyrg.
673 569 776 608 Cave
792 568 1047 608 mendacium.
1077 572 1129 609 20

19 623 113 663 Pal.
139 621 207 660 Ad
226 629 333 661 tuam
352 623 515 662 formam
533 624 600 661 illa
617 635 695 661 una
713 623 828 674 digna
846 630 914 661 est.

382 679 513 726 Pyrg.
542 677 697 724 Hercle,
716 677 915 728 pulchram
933 676 1129 728 praedicas.

17 729 94 769 Sed
112 729 198 781 quis
218 742 261 768 ea
273 730 319 768 ’st
333 732 351 768 Ρ

315 785 405 822 Pal.
435 784 544 823 Senis
560 784 678 834 hujus
695 796 794 821 uxor
811 784 1127 835 Periplectomeni

420 837 460 875 in
478 851 678 889 proxumo.

13 889 76 929 Ea
105 889 312 929 demoritur
339 898 391 938 te,
419 899 534 941 atque
560 893 608 930 ab
636 892 703 929 illo
729 891 864 941 incipit
890 890 1015 929 abire:
1046 891 1126 929 odit

76 958 78 960 ’
173 956 314 982 senem.

13 998 58 1036 N
59 1009 132 1035 unc
150 1003 187 1034 te
205 1009 310 1035 orare
327 1005 442 1048 atque
459 999 652 1036 obsecrare
666 998 792 1047 jussit,
813 1006 857 1036 ut
875 998 932 1035 tui
950 998 1098 1048 copiam

11 1051 97 1091 Sibi
114 1057 414 1102 potestatemque
430 1051 559 1089 fadas-

110 1105 240 1153 Pyrg.
270 1103 396 1154 Cupio
416 1102 588 1155 (hercle)
608 1103 799 1155 equidem,
820 1104 852 1142 si
869 1103 936 1142 ina
954 1103 1044 1142 volt.
1073 1106 1124 1142 25

15 1158 106 1195 Pal.
136 1156 237 1204 Quae
255 1157 385 1208 eupit!

224 1212 356 1261 Pyrg.
385 1210 492 1255 Quid
505 1211 572 1250 illa
591 1211 774 1250 faciemus
790 1209 1014 1259 concubina,
1035 1223 1122 1262 quae

332 1264 436 1302 domi
451 1264 499 1302 'st
509 1264 527 1300 Ρ

11 1320 101 1359 Pal.
129 1317 236 1366 Quin
264 1325 306 1355 tu
333 1317 441 1355 illam
462 1318 556 1367 jube
583 1319 650 1356 abs
677 1324 714 1355 te
741 1316 858 1366 abire,
888 1330 964 1369 quo
985 1317 1091 1356 lubet
1107 1331 1118 1355 ι

169 1372 269 1410 sicut
285 1384 388 1409 soror

8 1425 106 1476 Ejus
130 1425 207 1464 huc
233 1425 386 1476 gemina
407 1425 511 1464 venit
534 1424 749 1477 Ephesum,
779 1433 816 1463 et
839 1435 975 1473 mater,
999 1437 1122 1463 arces-

166 1486 332 1530 suntque
349 1491 446 1516 mm.

7 1535 139 1584 Pyrg.
164 1531 277 1571 Ai’n'
295 1539 337 1570 tu
348 1531 366 1568 ?
397 1532 550 1572 advenit
567 1531 767 1583 Ephaeum
785 1537 907 1570 mater
924 1533 1006 1581 ejus
1019 1531 1037 1568 Ρ

619 1587 708 1625 Pal.
734 1585 876 1632 Aiunt,
897 1586 964 1636 qui
981 1585 1117 1623 sciunt.

6 1641 140 1690 Pyrg.
157 1639 310 1687 Hercle,
330 1638 561 1678 ocoesionem
574 1639 756 1691 lepidam,
771 1647 816 1678 ut
833 1639 1033 1677 mulierem
1052 1652 1118 1677 ex-

167 1693 319 1732 cludam
337 1693 453 1731 foras.
1064 1693 1118 1730 30

6 1748 97 1787 Ραῖ.
126 1747 268 1795 Immo,
286 1745 380 1785 vi'n’
401 1752 444 1785 tu
462 1746 587 1799 lepide
603 1747 754 1786 facere?

369 1802 502 1851 Pyrg.
530 1801 721 1853 Loquere,
739 1808 777 1839 et
793 1799 994 1839 consilium
1011 1798 1115 1838 cedo.

5 1855 98 1894 Pal.
126 1851 234 1891 Vi’n'
254 1860 296 1890 tu
313 1852 421 1892 illam
439 1862 612 1892 actutum
630 1866 816 1903 amovere,
843 1867 865 1891 a
892 1860 929 1891 te
947 1860 990 1891 ut
1008 1854 1117 1891 abaet

168 1919 236 1958 per
253 1907 414 1957 gratiam
430 1909 448 1945 ‚⁹

8 1963 139 2012 Pyrg.
159 1959 296 2011 Cupio.

316 2014 408 2051 Pal.
436 2013 543 2053 Tum
561 2022 600 2053 te
616 2015 688 2053 hoc
705 2015 827 2053 faoere
842 2020 989 2066 oportet
1004 2027 1016 2051 ε
1046 2013 1115 2051 tibi

439 2067 656 2106 divitiarum
674 2068 819 2106 affatim
838 2076 917 2106 oet:

5 2123 36 2162 J
38 2124 112 2162 ube
130 2121 202 2161 sibi
218 2133 356 2159 aurum
374 2128 489 2173 atque
506 2129 742 2169 ornamenta,
758 2134 847 2172 quae
870 2121 927 2159 illi
945 2121 1112 2159 instrux-

165 2174 226 2214 isti
245 2174 409 2220 mulieri,
