1435 2400
416 95 718 136 CURCULIO.
750 97 809 135 11.
839 100 876 136 2.
1148 97 1195 134 15

98 204 187 253 Coq.
217 203 320 242 Tute
336 202 430 254 ipse,
449 203 481 241 si
495 203 589 255 quid
606 202 816 252 somniasti,
835 203 883 242 ad
896 215 958 242 me
976 204 1100 243 refers.

98 258 229 295 Palin.
258 256 406 295 Fateor.

259 311 351 360 Coq.
381 309 477 359 Abi,
497 309 689 361 deprome.

345 365 478 402 Palin.
510 364 612 414 Age,
632 370 676 401 tu
693 363 835 401 interea
851 362 941 401 huic
955 361 1146 400 somnium
1174 363 1198 398 5

95 416 240 454 Narra:
269 416 478 465 meliorem,
499 430 615 468 quam
635 429 704 467 ego
722 429 821 464 sum,
842 428 1014 467 suppono
1030 415 1114 454 tibi

93 469 214 520 Nam,
234 470 337 522 quod
355 470 446 519 scio,
465 483 579 508 omne
597 483 644 508 ex
664 470 734 508 hoc
753 470 841 507 scio.

592 524 686 573 Cap.
717 523 884 574 Operam
904 530 947 560 ut
966 521 1041 560 det.

902 577 1037 613 Ραῖἱη.
1067 573 1200 612 Dabit

98 630 195 680 Cap.
213 629 320 668 Facit
331 629 406 677 hic,
421 629 524 681 quod
534 629 659 681 pauci,
675 636 718 668 ut
729 630 777 667 sit
790 629 968 680 magistro
978 630 1200 679 obsequens.

95 682 160 721 Da
178 684 234 721 mi
252 683 369 735 igitur
386 696 552 735 operam.

578 738 667 798 Coq.
687 737 860 775 Tametsi
877 748 954 774 non
973 735 1075 783 novi,
1091 734 1204 772 dabo.

99 791 195 840 Cap.
223 790 311 829 Hac
329 798 437 829 nocte
454 790 495 828 in
514 791 656 829 somnis
674 791 776 828 visus
794 803 878 828 sum
904 788 1096 840 [tuerier‚]
1156 788 1206 826 10

95 844 236 882 Procul
255 844 380 882 sedere
393 844 506 895 longe
523 857 546 882 a
563 857 626 882 me
644 844 927 894 AEsculapium‚

95 898 233 948 Neque
251 910 340 936 eum
359 897 407 936 ad
424 905 487 935 me
504 897 630 945 adire;
659 911 783 949 neque
799 909 862 935 me
880 894 1011 948 magni
1028 894 1191 947 pendere

93 950 210 989 Visu'
213 958 258 990 st.

258 1005 350 1064 Cpq.
377 1003 478 1043 Item
496 1004 589 1043 alios
608 1005 712 1043 Deos
729 1005 892 1043 facturos
911 1003 1064 1043 scilieet.

97 1057 197 1095 Sane
214 1056 271 1094 1111
289 1057 386 1095 inter
405 1070 444 1095 se
463 1066 676 1108 congruunt
694 1057 935 1096 concorditer.

97 1110 208 1148 Nihil
226 1118 282 1148 est
299 1110 532 1158 mirandum,
552 1111 688 1149 melius
707 1111 738 1148 si
756 1111 852 1148 nihil
871 1110 919 1148 sit
937 1110 1007 1148 tibi
1019 1124 1031 1148 z
1160 1108 1208 1146 15

98 1163 281 1214 Namque
298 1163 476 1202 incubare
494 1164 610 1202 satius
629 1172 665 1202 te
682 1164 806 1202 fuerat
823 1164 853 1202 J
855 1163 930 1211 ovi,

96 1216 179 1264 Qui
196 1216 266 1254 tibi
284 1216 472 1254 auxilium
491 1217 530 1254 in
547 1217 795 1266 jurejurando
813 1216 900 1254 fuit.

98 1271 194 1320 Cap.
223 1269 420 1320 Siquidem
438 1270 618 1308 incubare
636 1270 767 1317 velint,
787 1270 854 1321 qui
871 1270 952 1320 perj
958 1267 1160 1317 araverint,

93 1323 220 1361 Locus
238 1335 315 1360 non
333 1323 492 1374 praeberi
510 1323 609 1374 potis
629 1330 683 1361 est
700 1323 740 1360 in
760 1322 960 1373 Capitolio.

100 1378 192 1425 Coq.
222 1375 309 1413 Hoc
328 1375 500 1413 animum
519 1376 673 1414 advorte
688 1391 699 1413 =
729 1389 861 1427 pacem
879 1378 927 1414 ab
950 1374 1174 1425 AEsculapio

96 1430 223 1475 Petas,
243 1441 291 1467 ne
308 1428 404 1467 forte
421 1429 491 1467 tibi
511 1429 657 1467 eveniat
675 1442 862 1480 magnum
884 1429 1047 1478 malum,
1156 1428 1204 1465 21

94 1482 213 1531 Quod
229 1481 270 1519 in
288 1482 415 1534 quiete
433 1482 504 1521 tibi
522 1490 741 1534 portentum
755 1484 814 1522 'st.

852 1538 950 1586 Cap.
977 1535 1085 1574 Bene
1102 1534 1206 1573 facis.

101 1589 187 1638 Ibo,
208 1596 323 1640 atque
342 1590 469 1627 orabo.

473 1644 566 1692 Coq.
595 1641 696 1689 Quae
713 1652 771 1678 rae
789 1641 890 1680 male
908 1649 1029 1680 vortat
1047 1641 1130 1680 tibi.

100 1697 234 1734 Ραῖὶη.
271 1696 349 1733 Pro
374 1695 445 1732 Dii
468 1694 726 1734 immortales!
757 1707 874 1745 quem
900 1695 1115 1747 conspicio?
1144 1694 1211 1746 qui

262 1748 341 1787 11116
359 1751 445 1787 est?

96 1803 218 1840 Estne
233 1801 297 1840 hic
315 1802 513 1852 parasitus,
534 1801 601 1853 qui
619 1800 737 1839 missu
740 1800 787 1838 ’st
804 1800 845 1838 in
865 1801 1047 1841 Cariam?
1156 1801 1208 1838 25

100 1856 210 1893 Heus
229 1854 478 1892 Phaedrome.
470 1855 478 1881 ⁹
511 1855 587 1902 exi,
607 1854 692 1892 exi.
723 1853 798 1900 exi,
819 1854 991 1906 inquam,
1012 1868 1138 1907 ocyus

101 1909 242 1948 Phaed.
271 1907 355 1955 Qui
372 1907 456 1946 istic
474 1908 676 1947 clamorem
695 1907 828 1945 tollis?

703 1961 837 1998 Palin.
865 1960 1081 1999 Parasitum
1100 1968 1213 1998 tuum

99 2014 225 2054 Video
242 2021 514 2062 occurrentem,
534 2013 667 2062 ellum,
682 2026 805 2064 usque
821 2014 863 2052 in
881 2015 1008 2066 platea
1027 2014 1177 2053 ultima.

104 2069 209 2108 Hinc
228 2067 500 2116 auscultemus,
520 2066 614 2119 quid
633 2074 733 2118 agat.

731 2121 870 2159 Pha-d.
898 2121 998 2160 Sane
1015 2131 1160 2160 censeo·
