1435 2400
451 101 730 142 EPIDICUS.
762 101 820 140 II.
848 103 887 138 2.
1170 106 1220 141 55

406 211 573 260 Periph.
600 209 740 246 Facere
758 207 870 257 cupio
889 207 1054 258 quidvis,
1075 208 1169 246 dum
1188 209 1228 247 id

511 262 578 300 fiat
596 261 722 299 modo.

726 315 848 364 Epid.
877 314 983 352 Hem
1002 315 1011 351 !
1176 316 1228 353 85

112 372 231 411 Nunc
249 370 393 410 occasio
414 370 462 408 'st
479 368 662 416 faciundi,
687 368 913 419 priusquam
941 367 982 405 in
1009 370 1143 406 urbem
1163 368 1230 406 ad-

274 424 430 470 venerit,

116 478 222 517 Sicut
239 490 320 516 cras
336 477 401 515 hic
417 475 559 515 aderit:
590 474 703 513 hodie
720 486 797 512 non
818 474 973 513 venerit.

719 529 882 578 Periph.
913 527 996 575 Qui
1015 527 1087 565 scis
1102 530 1120 566 Ρ

976 582 1098 631 Epid.
1128 581 1228 628 Scio,

114 637 218 686 Quia
250 637 346 674 mihi
378 636 476 675 alius
501 636 616 680 dixit,
644 635 712 686 qui
742 634 848 673 illinc
872 634 989 682 venit,
1022 647 1135 673 mane
1163 635 1228 673 hic

273 690 398 728 affore.

117 744 282 794 Periph.
311 743 419 791 Quin
438 750 480 781 tu
499 743 697 794 eloquere:
729 741 824 793 quid
842 741 1051 780 faciemus?

602 797 722 846 Epid.
751 796 813 834 Sic
831 795 1055 833 faciundum
1070 807 1225 840 censeog

117 849 242 898 Quasi
259 857 301 888 tu
321 850 449 901 cupias
466 849 624 888 liberare
641 849 834 887 fidicinam
853 849 972 887 animi
989 848 1125 899 gratia,
1177 851 1229 887 90

114 904 312 955 Quasique
332 916 435 942 amoe
453 903 692 942 vehementer
707 910 750 940 tu
768 902 888 940 illam.

350 958 516 1006 Periph.
545 956 676 1004 Quam
693 955 742 993 ad
760 969 842 994 rem
860 956 958 993 istuc
976 955 1088 993 refert
1102 958 1120 994 Ρ

914 1010 1034 1058 Epid.
1066 1008 1226 1059 Rogas?

114 1064 171 1102 Ut
185 1063 287 1101 enim
304 1063 497 1114 prastines
516 1069 686 1112 argento,
706 1061 931 1112 priusquam
949 1061 1075 1099 veniat
1094 1062 1209 1111 filius,

113 1117 245 1168 Atque
262 1123 306 1154 ut
325 1128 410 1153 eam
428 1124 465 1153 te
481 1115 522 1152 in
540 1115 752 1153 libertatem
772 1115 874 1152 dicas
893 1127 1028 1152 emere.

834 1168 999 1216 Periph.
1032 1167 1225 1218 Intelligo.

115 1224 233 1273 Epid.
263 1222 344 1260 Ubi
368 1221 438 1260 erit
466 1228 581 1270 emta,
611 1228 655 1259 ut
682 1220 811 1271 aliquo
833 1232 881 1258 ex
906 1221 999 1258 urbe
1026 1233 1227 1268 amoveas3

272 1275 344 1313 nisi
363 1274 455 1326 quid
475 1282 543 1312 tua

114 1330 227 1368 Secus
246 1327 430 1366 sententia
449 1328 507 1366 ἐι

219 1382 384 1432 Periph.
415 1381 560 1428 Immo,
580 1380 699 1418 docte.

413 1435 532 1484 Epid.
561 1433 669 1481 Quid
688 1440 731 1470 tu
750 1439 892 1481 autem,
913 1433 1146 1485 Apoecidae?
1174 1437 1225 1473 95

113 1494 244 1541 Apoec.
272 1487 380 1536 Quid
408 1500 477 1538 ego
502 1489 616 1536 jam?
654 1486 728 1525 nisi
755 1493 792 1525 te
819 1495 1079 1525 commentum
1110 1488 1226 1526 nimis

271 1548 394 1580 astute
410 1540 595 1591 intelligo.

113 1596 234 1647 Epid.
265 1595 359 1633 Jam
388 1601 479 1633 tunc
508 1594 627 1645 igitur
656 1600 785 1632 amota
814 1593 850 1632 ei
879 1593 949 1632 erit
978 1594 1104 1633 omnis
1136 1607 1224 1634 con-

273 1647 425 1686 sultatio

114 1702 366 1754 Nuptiarum,
386 1713 434 1739 ne
451 1711 642 1752 gravetur,
663 1701 766 1752 quod
785 1702 890 1740 velis.

601 1756 732 1805 Apoec.
761 1755 861 1793 Vive
879 1754 1001 1806 sapis:
1032 1762 1068 1792 et
1085 1755 1220 1806 placet.

114 1809 235 1860 Epid.
266 1809 372 1846 Tum
399 1814 481 1847 tute
512 1807 629 1860 igitur
656 1807 803 1857 callide,
830 1807 1019 1860 quidquid
1043 1810 1224 1857 acturu’s‚

323 1874 355 1900 e.

115 1875 322 1966 Peripilg
307 1915 409 1953 Rem
428 1915 595 1962 (hercle)
613 1915 781 1966 loquere.

429 1969 547 2018 Epid.
576 1969 631 2006 Et
648 1969 784 2020 reperi,
802 1969 884 2007 haec
902 1976 939 2007 te
957 1969 1027 2020 qui
1045 1969 1221 2008 abscedat

543 2022 717 2073 suspicio.
1146 2023 1223 2061 100

113 2076 276 2127 Periph.
305 2073 394 2113 Sine
412 2086 474 2112 me
491 2075 594 2113 scire.

365 2128 482 2177 Epid.
511 2128 631 2167 Scibis
643 2143 654 2165 ε
685 2129 785 2168 audi.

565 2183 693 2231 Apoec.
724 2183 830 2233 Sapit
850 2183 911 2221 hic
930 2183 1043 2231 pleno
1062 2189 1223 2233 pectore.
