1435 2400
257 124 334 162 354
633 121 828 162 PERSA.
857 122 933 162 IV.
963 124 998 161 8.

238 231 367 268 Dord.
397 229 470 268 Ille
489 229 644 281 quidem
660 230 743 279 jam
761 229 844 276 scit,
865 228 959 280 quid
977 229 1106 280 negoti
1126 231 1295 281 gesserit,

238 284 319 330 Qui
339 283 434 320 mihi
452 283 632 321 furtivam
652 295 737 320 meo
755 283 895 333 periclo
914 283 1096 321 vendidit.
1329 285 1356 322 5

236 339 457 387 Argentum
476 337 632 388 accepit,
652 336 755 374 abiit.
811 335 920 383 Quid
938 347 1010 386 ego
1027 349 1130 376 nunc
1149 337 1238 386 sci0‚

233 391 301 427 An
318 391 399 439 jam
419 398 604 428 asseratur
622 389 704 427 haec
720 401 839 427 manu
853 391 871 428 Ρ
900 402 977 440 quo
994 390 1106 428 illum
1125 390 1289 443 sequar?

239 443 288 481 In
308 443 471 482 Persas?
498 443 644 495 nugas!

590 498 686 534 Tox.
717 496 872 535 Credidi
889 503 1043 548 gratum
1061 497 1141 536 fore

241 550 479 589 Beneficium
498 562 629 588 meum
650 549 754 601 apud
772 557 823 588 te.

677 604 803 642 Dord.
831 603 975 653 Immo,
995 602 1172 655 equidem
1191 603 1354 655 gratiam

239 657 344 704 Tibi,
363 657 518 704 Toxile,
537 657 682 696 habeo:
712 669 803 695 nam
822 657 919 696 sensi
938 665 974 696 te
992 657 1123 696 sedulo
1303 657 1353 697 10

236 710 342 749 Mihi
359 711 448 750 dare
465 713 606 750 bonam
625 723 792 762 operam.

648 767 743 802 Tooe.
772 763 904 803 Tibin’
922 764 1021 815 ego?
1048 765 1183 813 immo,
1204 763 1349 817 [serim]

233 819 359 856 Dord.
392 818 516 856 Atat!
548 817 689 856 oblitus
707 830 792 855 sum
811 817 915 862 intus
934 818 1082 857 dudum
1100 818 1256 868 edicere,

236 871 336 915 Quae
357 872 457 909 volui
478 870 610 909 edicta.
667 871 835 909 Asserva
851 871 962 909 hanc.

757 926 855 963 Tox.
883 924 997 963 Salva
1011 924 1061 963 ’st
1076 923 1159 963 haec
1176 925 1344 976 quidem.

240 980 353 1027 Virg-
383 978 497 1016 Pater
514 989 617 1016 nunc
639 985 769 1016 cessat„

558 1033 654 1069 Torv.
683 1031 791 1079 Quid
810 1031 842 1070 si
860 1031 1086 1070 admoneam
1098 1031 1116 1068 Ρ

947 1086 1059 1135 Vir-g.
1088 1084 1264 1136 Tempus
1283 1093 1352 1125 est.

235 1141 333 1177 Tooe.
364 1138 490 1184 Heus,
511 1138 687 1176 Saturio!
719 1139 794 1176 exi.
842 1138 958 1177 Nunc
971 1146 1028 1177 est
1044 1138 1267 1178 illaoccasio
1297 1140 1347 1178 15

231 1191 439 1231 Inimicum
458 1192 600 1230 ulcisci.

600 1247 685 1284 Sat.
712 1246 812 1284 Ecce
829 1258 904 1283 me.
962 1244 1168 1297 Numquid
1185 1257 1313 1285 moror
1325 1247 1344 1285 ἓ

234 1301 330 1338 Tooe.
362 1299 466 1350 Age,
485 1299 578 1338 illuc
596 1299 753 1338 abscede
771 1299 903 1351 procul
922 1313 943 1338 e
961 1306 1173 1351 conspectu.

1096 1354 1181 1392 Sat.
1212 1353 1340 1393 Tace!

233 1409 329 1445 Tooe.
359 1406 439 1445 Ubi
458 1419 547 1445 cum
564 1407 700 1446 lenone
717 1420 780 1446 me
799 1406 943 1446 videbis
961 1406 1138 1458 colloqui,

226 1461 335 1499 Tum
353 1461 505 1499 turbam
522 1461 650 1501 facito.

596 1517 691 1565 Sag.
719 1514 879 1554 Dictum
897 1514 1059 1567 sapienti
1075 1519 1133 1552 sat
1150 1520 1220 1553 est.

440 1673 627 1716 ACTUS
656 1675 732 1715 IV.
787 1674 975 1738 SCENA
1002 1673 1128 1714 VIII.

513 1781 788 1821 DORDALUS.
830 1782 1054 1820 Tox1Lus.

219 1889 345 1926 Dord.
372 1887 572 1927 Transcidi
589 1889 679 1927 loris
697 1890 842 1928 omneis
860 1888 1062 1927 adveniens
1079 1887 1209 1935 domi3

221 1942 284 1979 Ita
302 1942 358 1979 mi
377 1942 546 1992 supellex
568 1943 729 1993 squalet,
750 1950 864 1995 atque
883 1943 982 1982 aedes
999 1955 1107 1980 meae.

227 1997 323 2035 Tox.
353 1996 472 2034 Redis
491 2003 534 2034 tu
552 1996 738 2036 tandem?

606 2053 732 2089 Dord.
763 2051 906 2090 Redeo.

810 2106 905 2143 Tox.
921 2102 1024 2154 ‘Nae‚
1045 2115 1114 2155 ego
1131 2101 1244 2142 hodie
1261 2099 1333 2141 tibi

217 2154 370 2195 Bonam
389 2158 509 2198 vitam
527 2157 611 2197 feci.

540 2213 663 2252 Dord.
691 2211 829 2253 Fateor
845 2212 983 2252 habere
999 2211 1172 2263 gratiam.
