1435 2400
247 49 428 90 MILES
457 49 792 90 GLORIOSUS.
821 51 880 90 ΙΙ.
909 53 947 89 3.
1074 52 1154 90 203

45 156 152 202 Quid
179 169 249 208 ego
276 169 380 196 nunc
402 157 570 196 faciam?
616 156 825 196 Custodem
854 171 917 196 me
945 158 1003 195 illi
1034 157 1152 197 Miles

200 211 339 248 tradidi

39 264 172 312 Nunc,
204 260 240 301 'si
266 219 451 303 inditdium
482 263 594 312 facio,
625 264 777 302 interii:
818 264 851 302 si
880 272 997 313 taceo,
1027 265 1152 304 interii

200 325 342 366 tamen,
1100 321 1151 356 35

41 370 84 408 Si
112 370 185 409 hoc
214 372 341 462 pailam
372 371 499 450 fuerit„
556 371 665 418 Quid
700 372 811 421 pejus
847 371 1007 409 muliere
1040 380 1154 423 atque

197 437 245 462 au
275 439 296 462 a
333 438 356 462 u
391 456 399 463 .

38 477 149 516 Dum
167 491 237 568 eqo
255 438 459 530 inmtegulis
488 491 589 527 sum,
620 478 708 517 illac
728 478 810 517 haec
829 492 868 517 se
894 478 1057 528 hospitio
1077 477 1154 516 edit

214 545 310 570 oras.

39 585 205 634 Edepol,
225 585 371 624 facinus
389 586 476 625 fecit
494 585 632 624 audax.
669 586 840 624 Hoccine
858 586 891 623 si
909 585 1027 623 Miloe
1046 585 1151 632 sciat,

42 638 179 685 Crede,
194 638 364 687 (hercle)
382 639 451 678 has
470 640 646 678 sustollat
657 640 768 678 aedeis
787 648 906 685 totas;
929 646 1044 690 atque
1064 639 1153 677 hinc

37 705 418 799 Herclejlqdidlgiiifd·
439 754 508 795 est,
537 746 746 785 mussitabo
774 746 916 798 potius,
946 759 1064 798 quam
1093 746 1152 783 in-

198 807 339 839 teream
356 800 470 839 male.
1099 801 1151 838 40

36 854 129 892 Non
148 867 217 905 ego
234 867 404 905 possum,
425 868 511 905 quae
528 854 611 905 ipsa
628 867 708 893 sese
726 854 909 903 venditat,
928 854 1097 893 tutarier.

38 909 130 946 Pal.
158 908 355 947 Sceledre!
387 908 584 947 Sceledse!

198 963 297 1000 Scel.
325 962 426 1010 Quis
443 961 559 1000 homo
578 961 828 1000 interminat?

573 1015 658 1052 Pul.
682 1015 756 1052 Est
774 1022 810 1052 te
829 1015 923 1052 alter
941 1014 1118 1052 audacior
1133 1017 1150 1053 ,⁹

37 1067 137 1116 Quis
164 1067 288 1119 magis
318 1067 406 1106 Diis
441 1069 604 1107 inimicis
636 1076 762 1114 natus,
796 1080 914 1119 quam
946 1076 1004 1116 tu,
1038 1077 1155 1119 atque

197 1121 302 1160 iratis
316 1124 333 1160 Ρ

357 1177 453 1215 Seel.
483 1175 591 1223 Quid
610 1182 666 1213 ffit
679 1177 697 1213 Ρ

36 1229 128 1267 Pal.
155 1229 316 1267 Jube'n’
344 1230 414 1268 tibi
443 1229 570 1267 oculos
599 1228 759 1276 effodiri,
787 1229 928 1280 quibus
957 1227 1011 1277 id,
1049 1229 1153 1281 quod

195 1294 385 1335 nusquam
405 1290 475 1330 αἱ,
498 1283 602 1321 vidoe
616 1284 634 1320 ?

38 1337 137 1375 Scel.
166 1335 287 1385 Quid,
311 1339 339 1359 “
359 1349 550 1388 nusquam
565 1336 620 1375 ?”

303 1392 395 1428 Pal.
427 1391 519 1428 Non
545 1402 616 1440 ego
639 1401 742 1427 nunc
760 1401 886 1427 emam
905 1388 1023 1427 vitam
1043 1396 1150 1426 tuam

407 1444 542 1482 vitiosa
559 1456 668 1482 nuce·
1098 1444 1150 1480 45

38 1499 136 1536 Scel.
162 1496 271 1545 Quid
288 1499 416 1549 negoti
437 1496 511 1536 ’st?

224 1550 310 1589 Pal.
337 1551 445 1599 Quid
462 1551 591 1602 negoti
606 1551 666 1598 sit,
682 1563 792 1601 rogas
808 1552 826 1589 ‚⁹

665 1606 762 1642 Scel.
792 1604 872 1643 Cur
891 1615 968 1642 non
986 1616 1114 1655 rogem
1131 1606 1148 1642 ,⁹

41 1660 134 1696 Pal,
164 1658 256 1697 Non
285 1658 356 1697 tibi
384 1659 497 1697 istam
525 1658 769 1711 praetrunoeri
795 1658 966 1709 linguam
997 1657 1150 1709 largilo-

197 1725 314 1762 quam
329 1714 440 1762 jubes
454 1715 470 1748 Ρ

39 1767 140 1804 Scel.
168 1764 428 1812 Quamobrem
444 1767 600 1816 jubeam
616 1767 634 1804 :³

424 1820 510 1857 Pal.
537 1819 856 1858 Philocomasium
879 1832 1004 1858 eccam
1027 1816 1147 1864 domi,

529 1886 647 1924 quam
666 1885 706 1911 1n
725 1886 914 1924 proxumo

36 1925 190 1965 Vidisse
207 1925 311 1964 aibas
328 1932 366 1965 te
378 1926 610 1965 osculantem
629 1935 744 1978 atque
756 1927 1042 1978 amplexantem
1060 1937 1149 1963 cum

197 1979 325 2017 altero.

40 2035 139 2073 Seel.
166 2033 318 2071 Mirum
330 2032 376 2071 'st
394 2033 485 2072 lolio
502 2033 670 2072 victitare
686 2041 739 2081 te,
759 2041 839 2072 tam
858 2033 925 2072 vili
943 2033 1078 2072 tritico.
1099 2033 1151 2069 50

43 2087 126 2124 Pal.
155 2086 263 2134 Quid
277 2087 357 2135 jam
370 2085 389 2122 ’ἓ

198 2141 295 2178 Scel.
324 2139 430 2187 Quia
442 2139 684 2178 luscitiosu’s.
