1435 2400
276 59 456 99 MILES
486 58 818 99 GLORIOSUS.
849 59 925 98 IV.
953 61 992 97 2.
1117 59 1193 96 241

317 168 409 204 Pal.
438 166 546 214 Quin
565 173 605 204 tu
626 165 716 204 huic
733 166 937 216 respondes
956 165 1116 216 aliquid,
1146 166 1198 209 75

87 222 176 260 Aut
194 219 401 267 facturum,
422 229 489 257 aut
507 231 583 257 non
607 219 797 257 facturum
813 221 829 257 ?
876 219 985 266 Quid
1002 218 1109 256 illam
1127 218 1202 256 mi-

189 288 192 289 ’
245 286 367 311 seram
386 273 504 311 animi
522 273 725 319 excrucias,

86 327 187 375 Quae
205 339 403 378 nunquam
422 327 522 364 male
536 326 583 363 de
601 337 638 364 te
656 326 791 364 merita
805 325 880 363 ’st?

331 382 454 429 Pyrg.
482 381 539 417 At
554 380 647 428 jube
665 392 816 429 eampse
834 379 936 416 exire
953 378 1028 416 huc
1047 378 1095 415 ad
1115 391 1196 416 nos.

84 434 175 482 Dic,
196 447 259 472 me
277 433 418 479 omnia,
439 447 525 485 quae
542 432 634 479 volt,
655 432 857 470 facturum.

382 489 440 525 M
440 488 531 537 zlplz
562 486 672 524 Facis
691 498 806 533 nunc,
826 494 870 524 ut
888 485 1008 524 facere
1027 498 1196 536 aequum,

86 539 218 588 Quod,
239 554 326 592 quae
344 548 382 578 te
400 540 491 586 volt,
512 539 685 578 eamdem
703 547 747 578 tu
765 540 832 577 vis.

351 595 439 632 Pal.
460 595 557 647 Non
567 593 632 631 hio
644 589 834 637 insulsum
852 592 996 631 habet‘
986 591 1199 642 mgenium

86 649 144 685 M
145 649 235 699 aelplz.
254 646 463 698 Quomque
477 660 542 685 me
557 645 752 685 oratricem
767 646 873 684 haud
886 646 1073 698 sprevisti,
1094 645 1201 682 sivis-

244 700 348 750 tique
367 713 522 738 exorare
541 714 589 738 ex
609 708 655 738 te.
1147 701 1199 737 80

84 753 192 802 Quid
212 753 295 792 est?
324 762 367 791 ut
384 754 500 792 ludo.
492 754 500 779 ⁹

282 809 374 846 Pal.
404 808 566 859 Nequeo
587 809 602 859 (
618 805 760 857 hercle)
782 807 938 859 quidem
955 807 1034 845 risu
1053 819 1116 845 me
1134 806 1202 844 ad-

380 861 619 899 moderarier.

76 915 149 961 Ob
169 927 252 953 eam
272 927 425 953 causam
443 915 519 953 huc
538 916 604 952 abs
623 923 660 953 te
679 915 811 953 avoni.

422 970 552 1017 Pyrg.
584 969 675 1006 Non
695 967 862 1019 (edepol)
879 975 923 1005 tu
942 967 1026 1016 scis,
1045 967 1198 1015 mulier,

86 1021 288 1070 Quantum
307 1034 376 1073 ego
392 1023 572 1060 honorem
593 1033 696 1059 nunc
712 1022 770 1059 illi
787 1021 920 1058 habeo.

496 1076 553 1111 M
554 1076 645 1124 zlph.
676 1075 786 1113 Scio·
775 1103 787 1119 ,
818 1082 855 1112 et
872 1073 970 1112 istuc
987 1074 1045 1111 illi
1063 1074 1200 1112 dioem.

86 1130 177 1167 Pal.
207 1128 350 1166 Contra
367 1140 459 1166 auro
477 1128 542 1165 alii
559 1127 657 1165 hanc
676 1128 836 1166 vendere
859 1127 985 1177 potuit
1003 1140 1171 1187 operam.

568 1183 626 1219 M
626 1182 718 1230 zlph
749 1181 854 1219 Istuc
873 1180 971 1230 (pol)
991 1180 1061 1218 tibi
1080 1181 1201 1219 credo.

87 1236 178 1272 Pal.
199 1234 303 1272 Meri
319 1234 517 1273 bellatores
535 1234 758 1286 gignuntur,
785 1247 879 1286 quas
898 1233 960 1272 hic
977 1234 1201 1285 praegnateis

247 1287 349 1326 fecit.
1149 1289 1201 1325 85

87 1342 141 1380 Et
158 1341 268 1392 pueri
286 1353 406 1379 annos
425 1341 660 1392 octingentos
680 1341 826 1379 vivunt.

626 1397 684 1432 M
685 1396 776 1444 ilplz.
812 1394 887 1432 Vae
905 1393 988 1441 tibi,
1011 1395 1196 1445 nugator!

87 1450 216 1498 Pyrg.
243 1447 351 1495 Quin
366 1447 472 1486 mille
491 1461 677 1486 annorum
696 1455 878 1500 perpetuo
896 1448 1044 1494 vivunt,
1065 1450 1113 1486 ab
1133 1461 1202 1486 sae-

246 1502 331 1540 culo
350 1501 399 1539 ad
417 1503 583 1540 saeclum.

86 1554 173 1592 Pal.
202 1554 263 1593 Eo
281 1554 410 1593 minus
429 1555 526 1603 dixi,
549 1568 598 1593 ne
615 1556 697 1593 haec
722 1561 886 1593 censeret
911 1567 974 1592 me
999 1554 1203 1594 advorsum

248 1622 287 1646 se
305 1618 472 1646 mentm.

88 1663 146 1699 M
145 1662 237 1712 ilplc.
277 1661 379 1700 Perii
396 1662 406 1699 !
443 1670 536 1713 quot
565 1662 627 1701 hic
656 1663 737 1714 ipse
767 1674 886 1700 annos
917 1662 1032 1709 vivet,
1065 1664 1204 1714 quojus

248 1715 319 1752 filii
337 1722 416 1753 tam
436 1716 503 1754 diu
522 1716 682 1754 w‘vunt?

89 1770 221 1818 Pyrg.
250 1768 452 1806 Postriduo
470 1777 581 1807 natus
600 1783 686 1807 sum
712 1782 796 1820 ego,
818 1769 969 1818 mulier,
991 1782 1108 1820 quam
1129 1770 1156 1809 J
1159 1783 1204 1808 u-

249 1821 346 1870 piter
364 1834 411 1859 ex
430 1822 518 1874 Ope
536 1824 690 1861 natu’st.
1149 1825 1202 1862 90

89 1876 181 1913 Ραῖ.
210 1875 251 1913 Si
268 1873 331 1911 hic
349 1874 469 1925 pridie
486 1887 598 1914 natus
616 1877 727 1923 foret,
747 1889 866 1927 quam
883 1877 948 1915 ille
966 1884 1034 1925 eet,
1054 1876 1117 1916 hic
1133 1877 1204 1915 ha-

251 1928 355 1965 beret
374 1940 534 1978 regnum
553 1928 593 1966 in
612 1930 716 1968 coelo.

90 1982 240 2032 Milph.
267 1981 361 2018 Jam
377 1982 458 2030 jam
477 1990 534 2020 sat
553 1982 727 2034 (amabo)
748 1990 815 2022 αεὶ.
860 1983 980 2023 Sinite
1000 1985 1148 2032 abaem,
1171 1983 1203 2022 si

249 2046 419 2085 possum,
440 2034 526 2072 viva
544 2048 567 2072 a
585 2036 702 2075 vobis.

91 2089 182 2126 Pal.
213 2087 321 2136 Quin
341 2100 428 2138 ergo
447 2088 540 2136 abis,
561 2089 714 2140 quando
732 2103 953 2141 roeponsum
968 2091 1015 2128 'st
1032 2093 1050 2128 ἒ

363 2142 512 2191 Milph.
541 2141 627 2189 Ibo,
647 2150 762 2194 atque
778 2144 886 2181 illam
905 2144 981 2182 huc
998 2143 1200 2189 adducam,

143 2203 249 2232 vot.
269 2206 320 2232 11.
1007 2206 1038 2232 Y
