1435 2400
244 99 325 138 350
621 99 818 139 PERSA.
847 98 922 139 IV.
951 101 989 137 4.

245 207 341 245 Tor.
369 205 399 245 J
401 218 464 244 arn
483 205 530 244 de
556 206 648 245 istoc
665 219 797 259 rogare
814 206 958 245 omitte.
1015 206 1058 244 N
1059 217 1108 244 on
1126 205 1230 245 vides
1254 206 1356 245 nolle

398 260 432 298 el
484 259 538 308 ui,

236 312 302 350 Ne
320 273 482 351 suan-ui}
494 326 533 352 se
550 313 791 351 miseriarum
810 313 850 351 in
870 313 1094 351 memoriam
1113 312 1299 351 inducat?

907 367 1036 404 Dord.
1066 367 1175 414 Quid
1194 366 1277 404 eet?
1299 367 1352 405 90

238 419 433 470 Captusne
447 418 496 458 'st
514 420 647 470 pater?

485 475 596 523 Virg.
627 474 716 511 Non
736 481 894 525 captus:
917 473 996 521 sed,
1018 471 1121 524 quod
1139 472 1288 520 habuit,
1309 471 1350 509 id

663 527 790 565 rdidit,

238 580 334 617 Tos.
366 579 462 618 Haec
489 579 560 618 erit
589 539 689 618 bpgo
719 592 854 631 genere
882 588 995 619 nata:
1034 579 1132 617 nihil
1163 578 1245 626 scit,
1275 577 1348 617 nisi

395 645 542 680 verum,
561 633 681 684 loqui.

231 686 359 724 Dord.
389 685 488 733 Quis
506 686 607 724 fuit?
635 686 695 724 dic
714 699 865 725 nomen.

525 742 639 789 Virg.
668 739 774 787 Quid
793 740 905 778 illum
924 739 1105 778 miserum
1124 751 1350 788 memorem,

660 793 699 830 ui
719 793 820 830 fuit?

229 845 349 885 Nunc
372 854 408 884 et
432 847 544 884 illum
565 806 755 884 Migemm
774 855 811 884 et
832 860 895 885 me
915 847 1100 885 Miseram
1127 859 1281 898 aequum
1299 844 1348 884 'st

392 912 633 937 nommaner.

231 954 358 991 Dord.
388 952 645 1002 Quojusrnodi
664 951 696 988 is
714 951 752 989 in
772 952 916 1004 populo
934 952 1142 990 habitu'st:

540 1008 653 1055 Virg.
685 1006 812 1044 Nemo
831 1007 1034 1058 quisquam
1055 1005 1265 1057 acceptior:
1294 1007 1345 1045 95

229 1059 336 1098 Servi
354 1059 538 1111 liberique
556 1061 746 1097 amabant„

587 1115 682 1150 Tox.
717 1112 926 1151 Hominem
947 1113 1127 1152 miserum
1148 1112 1343 1164 praedicaS‚

227 1166 361 1214 Quom
393 1166 498 1217 ipsus
518 1179 638 1218 prope
660 1165 872 1216 perditu'st‚
894 1175 931 1205 et
955 1166 1233 1205 benevolenteis
1259 1179 1345 1218 per-

387 1220 496 1258 didit.

224 1273 354 1310 Dord.
382 1273 540 1316 Emam,
560 1273 706 1324 opinor.

392 1328 488 1364 Tox.
516 1327 661 1370 Etiam,
684 1330 712 1350 “
733 1327 866 1378 opinor
879 1327 932 1366 ?''

581 1381 707 1418 Dord.
737 1382 900 1419 Summo
919 1393 1055 1432 genere
1074 1393 1153 1419 esse
1169 1380 1342 1419 arbitror.

229 1434 325 1471 Tox.
359 1433 524 1472 Divitias
543 1440 585 1472 tu
606 1447 653 1472 ex
671 1434 763 1472 istac
781 1434 905 1473 facies.

703 1489 830 1526 Dord.
862 1489 924 1527 Ita
942 1489 1011 1527 Dii
1028 1488 1164 1526 faxint.

965 1544 1062 1580 Tox.
1090 1542 1191 1580 Eme
1211 1540 1338 1579 modo.

229 1594 343 1643 Virg.
374 1594 469 1632 Jam
498 1594 570 1633 hoc
598 1594 670 1633 tibi
699 1595 810 1634 dieo:
845 1596 928 1645 jam
955 1602 1128 1634 actutum
1157 1593 1336 1645 (ecastor)

379 1659 488 1686 meus
505 1656 622 1698 pater,
643 1649 712 1687 ubi
730 1661 792 1686 me
809 1649 901 1687 sciet
1261 1647 1337 1686 100

218 1699 381 1738 Venisse
398 1700 489 1749 huc,
509 1701 629 1739 aderit
645 1701 724 1749 hic,
744 1708 781 1739 et
798 1713 861 1740 me
877 1703 1072 1740 absentem
1090 1701 1262 1740 redimet.

625 1756 721 1793 Tox.
748 1754 858 1802 Quid
876 1767 979 1793 nunc
995 1757 1012 1793 ?

965 1809 1094 1847 Dora.
1120 1807 1229 1856 Quid
1247 1815 1303 1846 aet
1315 1810 1334 1846 ?

223 1860 321 1897 Tox.
348 1859 513 1898 Audi'n'
535 1860 628 1911 quid
646 1861 730 1900 ait?

401 1915 512 1963 Virg.
542 1915 664 1960 Nam,
684 1915 753 1953 etsi
770 1927 829 1953 res
846 1923 935 1954 sunt
951 1915 1093 1964 fractae,
1112 1915 1226 1954 amici
1244 1922 1334 1954 sunt

512 1976 651 2006 tamen.

218 2021 349 2058 Dord-
381 2021 446 2059 Ne
469 2020 518 2059 sis
543 2021 674 2071 plora:
705 2022 824 2060 libera
841 2022 912 2060 eris
936 2029 1125 2070 actutum,
1153 2022 1185 2062 si
1201 2024 1331 2062 crebro

376 2074 495 2112 cades.

213 2125 322 2164 Vi'n’
342 2139 427 2165 mea
446 2141 522 2166 ωδε
538 2131 555 2167 ‚⁹

328 2182 440 2231 Virg.
461 2181 569 2220 Dum
588 2183 743 2234 quidem
762 2197 810 2223 ne
829 2184 943 2222 nimis
960 2183 1025 2222 diu
1042 2191 1109 2222 tua
1126 2182 1213 2233 sim,
1229 2183 1326 2222 volo.
