1435 2400
144 78 196 116 68
473 75 754 116 EPIDICUS.
780 76 854 115 IV.
888 77 922 114 Ι.

261 184 369 220 Phil.
397 182 504 229 Quid
523 183 553 220 si
571 183 730 221 adeam?

485 237 647 285 Periph.
675 236 794 274 Haud
811 236 886 275 scio
905 247 955 274 an
973 238 1209 287 congrediar,
1227 240 1260 276 si

578 289 657 327 haec
676 302 719 327 ea
738 290 797 327 'sn
1212 292 1261 329 16

158 344 267 382 Phil,
294 343 363 382 Sin
384 349 439 381 est
463 343 494 380 is
515 342 643 390 homo,
664 343 759 380 sicut
780 343 870 381 anni
891 342 1006 382 multi
1023 355 1085 381 me
1103 342 1260 383 dubiam

314 395 406 433 dant
422 422 432 432 .
451 422 462 433 .
482 422 492 431 .
514 423 525 432 .

423 450 585 499 Periph.
616 449 752 499 Longa

160 503 254 542 Dies
285 514 414 540 meum
445 501 601 540 incertat
632 502 818 541 animum.
873 503 942 542 Sin
971 515 1016 541 ea
1044 510 1115 551 est,
1146 514 1263 554 quam

314 555 455 594 incerto
474 563 645 603 autumo,
666 555 764 594 hanc

161 608 392 658 Congrediar
409 616 507 645 astu.

416 662 524 698 Phil.
553 660 755 700 Muliebris
774 661 987 700 adhibenda
1005 662 1102 700 mihi
1119 661 1267 700 malitia

532 726 635 752 nunc
653 723 719 753 est.

162 768 324 817 Periph.
354 767 614 818 Compellabo.

351 822 459 858 Phil.
489 821 682 858 Orationis
701 821 819 858 aciem
838 829 967 859 contra
986 822 1189 859 conferam.
1218 822 1270 859 20

164 875 327 925 Periph.
355 874 468 912 Salva
487 873 559 911 sis!

402 928 509 964 Phil.
540 927 710 964 Salutem
729 927 870 977 accipio
888 928 985 965 mihi
1004 937 1040 966 et
1057 927 1165 965 meis.

743 982 908 1030 Periph.
937 981 1045 1027 Quid
1063 988 1239 1018 caeterum
1252 981 1271 1018 ἶ)

167 1034 273 1072 Phil.
304 1033 440 1071 Salvus
458 1032 530 1070 sis:
562 1032 665 1083 quod
683 1032 885 1079 credidisti,
905 1033 1032 1071 reddo.

663 1087 826 1137 Periph.
855 1086 976 1124 Haud
995 1099 1128 1126 accuso
1145 1085 1274 1125 fidem.

170 1139 312 1178 Novin'
331 1151 400 1189 ego
419 1146 456 1176 te
470 1141 487 1176 Ρ

415 1193 523 1229 Phil.
550 1192 591 1231 Si
610 1205 678 1243 ego
698 1200 735 1230 te
753 1192 856 1242 novi,
883 1193 1055 1231 animum
1079 1193 1273 1238 inducam,

540 1246 598 1284 uti
616 1246 775 1285 noveris.

172 1301 334 1349 Periplae.
363 1299 442 1337 Ubi
461 1306 497 1336 te
515 1299 693 1337 visitavi?

435 1354 545 1390 Phil.
574 1353 712 1403 Inique
729 1353 917 1402 injuriu's.

703 1407 868 1456 Periplz.
896 1405 1004 1454 Quid
1017 1407 1099 1456 jam
1113 1408 1131 1445 ἓ

1038 1460 1146 1497 Phil.
1176 1459 1282 1507 Quia

172 1512 273 1551 Tuae
291 1513 483 1550 memoriae
500 1512 737 1564 interpretari
755 1525 818 1551 me
836 1525 991 1564 aequum
1009 1525 1146 1551 censoe.

794 1567 958 1616 Periph.
989 1566 1198 1605 Commode
1225 1568 1277 1604 25

177 1619 209 1657 F
212 1619 366 1657 abulata
383 1631 435 1656 es.

335 1672 444 1710 Phil.
474 1671 578 1710 Mira
594 1684 794 1711 memoras.

666 1725 825 1776 Peripa.
856 1726 959 1765 Hem
976 1727 985 1764 Ξ
1016 1726 1113 1766 istuc
1131 1726 1283 1767 rectius.

176 1777 430 1817 Meministin'
446 1780 463 1816 ?

327 1831 433 1872 Phil.
464 1831 631 1870 Memini
648 1832 700 1870 id.

483 1923 487 1926 ,
507 1884 664 1935 Periph.
693 1886 744 1924 In
757 1885 954 1938 Epidauro
974 1913 983 1922 .
1001 1913 1014 1923 .
1034 1912 1046 1924 .
1063 1912 1074 1924 .

879 1939 984 1977 Phil.
1011 1940 1106 1978 Ah!
1136 1939 1287 1992 guttula

180 1992 319 2031 Pectus
338 1991 473 2030 ardens
490 1993 548 2030 mi
566 1992 791 2044 adspersisti.

676 2046 835 2096 Periph.
862 2046 1014 2097 Virgini
1032 2047 1286 2099 paupercula-³,

182 2098 355 2151 Tuaeque
372 2099 498 2147 matri,
519 2111 580 2138 me
598 2099 720 2139 levare
735 2096 1015 2152 Paupertatem.
