1435 2400
205 81 278 124 174
494 79 833 119 MERCATOR.
863 81 938 119 Iv.
967 83 1004 118 4.

568 188 661 235 Coq.
691 185 795 233 Quia
813 198 875 223 me
894 198 970 224 non
989 186 1136 225 novisse
1153 187 1220 224 ais.
1254 188 1303 231 27

201 238 255 277 Ni
275 237 413 276 metuis
432 245 474 276 tu
493 238 640 277 istanc?

545 293 694 341 Lysim.
723 291 861 343 Sapio:
892 304 981 330 nam
999 293 1096 331 mihi
1115 293 1227 332 unica
1241 294 1299 331 ‘st-

204 346 294 394 Coq.
323 344 431 383 Vi'n'
451 358 513 383 me
531 345 690 396 experiri
704 347 721 382 Ρ

621 400 771 447 Lysim.
799 398 914 437 NOIO.

846 453 936 500 Coq.
966 451 1182 490 Mercedem
1201 453 1302 492 cedo.

199 505 349 553 Lysim.
379 505 471 542 Cras
489 505 632 555 petit03
660 504 820 542 dabitur.
869 505 985 542 Nunc
1003 505 1077 542 abi.

691 559 789 594 Dor.
822 558 911 595 Heu
930 557 1076 595 miserae
1094 557 1214 596 mihi!
1246 559 1298 596 30

197 612 346 659 Lysim.
377 611 417 648 N
420 622 493 648 unc
511 623 579 661 ego
595 623 725 648 verum
743 611 838 647 illud
857 612 1013 648 verbum
1033 623 1110 648 esse
1129 611 1300 662 experior

356 671 488 700 vetus:

194 717 357 767 Aliquid
376 716 466 753 mali
485 728 563 754 esse
580 724 731 767 propter
749 716 915 754 vicinum
934 717 1092 754 malum.

200 772 291 818 Coq.
313 770 392 807 Cur
409 769 472 807 hic
491 769 712 807 adstamus?
743 769 835 820 quin
851 769 1030 807 abimus?
1063 770 1298 809 Incommodi

194 823 236 860 Si
254 822 347 873 quid
365 821 434 859 tibi
452 822 587 870 evenit,
608 822 647 859 id
665 834 740 860 non
760 830 815 860 est
833 822 946 872 culpa
960 835 1056 859 mea.

195 877 350 926 Lysim.
381 875 487 921 Quin
506 888 569 912 me
587 871 748 913 eradicas
766 875 962 912 miserum.

595 930 598 932 ’
652 927 965 976 Coq.Sciojan1‚
987 927 1080 977 quid
1099 928 1216 966 velis:
1247 930 1299 965 35

198 983 350 1033 Nempe
367 981 456 1019 hinc
475 993 537 1018 me
555 981 658 1018 abire
680 981 746 1018 vis.

607 1035 657 1071 L
644 1046 757 1082 Jszm
786 1032 927 1080 Volo,
917 1045 1087 1082 mquam.

968 1086 1061 1134 Coq.
1088 1086 1301 1134 Abibitur;

196 1140 431 1179 Drachmam
450 1139 549 1178 dato.

519 1193 672 1242 Lysim.
696 1191 876 1230 Dabitur.

787 1247 879 1294 Coq.
907 1244 1004 1283 Dari
1022 1258 1109 1296 ergo
1128 1246 1177 1284 sis
1192 1247 1298 1295 jube.

197 1299 293 1338 Dari
311 1306 433 1351 potest
449 1299 603 1347 interea,
623 1298 717 1336 dum
735 1298 792 1335 1111
805 1307 964 1349 ponunt.

885 1353 1036 1401 Lysim.
1065 1351 1172 1399 Quin
1190 1353 1299 1390 abis?

197 1405 341 1444 Poti’n'
361 1412 404 1444 ut
423 1405 602 1443 molestus
620 1416 668 1442 ne
689 1403 761 1443 sis.
752 1406 770 1432 ⁹

781 1459 871 1506 Coq.
897 1457 1030 1507 Agite,
1049 1457 1226 1509 apponite

196 1511 412 1562 Opsonium
431 1512 528 1549 istuc
546 1517 633 1548 ante
650 1509 838 1560 pedaeilh
857 1510 948 1547 seni.
1249 1513 1301 1550 40

192 1564 289 1602 Haec
307 1577 396 1602 vasa
413 1572 480 1602 aut
494 1576 586 1601 mox
605 1570 672 1601 aut
690 1574 768 1600 cras
784 1563 926 1611 jubebo
944 1564 1010 1601 abs
1028 1570 1065 1602 te
1085 1564 1175 1615 peti.

193 1617 418 1668 Sequimini.

411 1671 565 1719 Lysim.
595 1669 768 1707 Fortasse
786 1676 823 1707 te
841 1669 955 1706 illum
969 1669 1098 1707 mirari
1116 1683 1297 1721 coquum,

191 1723 309 1771 Quod
326 1723 442 1770 venit,
462 1730 576 1774 atque
592 1722 674 1760 haec
691 1723 829 1760 attulit.
868 1721 1006 1760 Dicam
1025 1724 1119 1774 quid
1137 1731 1205 1762 est.

189 1778 291 1815 Dor.
321 1777 413 1814 Non
429 1775 559 1823 miror,
579 1775 611 1813 si
629 1775 723 1827 quid
740 1775 871 1813 damni
888 1775 993 1823 facis,
1012 1784 1079 1814 aut
1096 1776 1230 1827 flagiti.

192 1830 235 1867 N
236 1842 277 1868 ec
296 1829 396 1880 (pol)
413 1842 482 1879 ego
499 1829 634 1879 patiar,
654 1828 706 1867 sic
723 1842 785 1867 me
801 1836 961 1880 nuptam
979 1836 1060 1867 tam
1076 1829 1188 1878 male,
1245 1831 1297 1867 45

193 1883 407 1933 Measque'
397 1894 436 1918 m
456 1882 567 1920 aedeis
585 1882 637 1920 sic
651 1889 770 1920 scorta
787 1882 1035 1920 obductarier.
1084 1887 1142 1923 4..-

191 1935 330 1986 Syra,
319 1948 347 1981 1,
367 1942 495 1986 rogato
512 1947 644 1973 meum
661 1942 807 1986 patrem
826 1935 946 1973 verbis
964 1935 1070 1980 meis,

192 1990 249 2028 Ut
266 1988 392 2027 veniat
409 1988 457 2026 ad
475 2001 538 2026 me
551 1989 632 2038 jam
650 1989 765 2027 simul
783 1996 908 2027 tecum
925 1988 1013 2027 huc.

1026 2043 1143 2091 Syra.
1169 2042 1244 2080 Eo.

195 2097 345 2146 Lysim.
375 2095 523 2145 Nescis,
543 2095 671 2147 negoti
690 2095 783 2147 quid
797 2096 858 2144 sit,
877 2108 986 2134 uxor.
1023 2095 1215 2134 Obsecro!
