1435 2400
388 95 517 134 ΜΕΝ
519 94 779 134 AECHMEI.
806 95 841 133 Ι.
870 96 908 132 2.
1147 96 1199 139 87

96 203 274 243 Conferre
294 213 440 249 omnae,
466 200 784 252 congratulantes,
812 201 903 251 quia
930 202 1100 252 pugnavi
1123 201 1199 239 for.

253 254 338 292 titer
354 256 372 293 ?
1148 256 1200 292 20

95 309 209 348 Hanc
223 307 339 346 modo
355 307 467 347 uxori
483 307 586 346 intus
603 306 746 358 pallam
764 307 942 358 surripui,
962 308 1011 345 ad
1036 315 1199 345 scortum

253 361 345 399 fero.

94 416 157 454 Sic
173 415 279 453 decet
295 414 377 452 dari
395 414 513 453 facete
531 415 644 452 verba
661 413 804 452 custodi
825 420 928 451 catae.

96 469 184 508 Hoc
201 468 348 506 facinus
371 468 577 518 pulchrum
597 466 658 514 'st,
686 467 757 505 hoc
781 468 943 517 probum
965 466 1026 514 ’st,
1051 465 1124 504 1100
1147 466 1200 503 10-

252 521 401 573 pidum,
421 521 492 559 hoc
509 521 652 559 factum
674 520 721 558 ’st
738 520 854 558 fabre.

96 576 191 614 Meo
221 575 324 613 malo
353 588 376 612 a
405 574 509 613 malit
540 573 679 612 abstuli
696 587 707 611 2
743 573 815 611 hoc
842 573 891 611 ad
920 572 1107 611 damnum
1135 572 1201 610 de-

254 628 405 666 feretur.

96 682 234 721 Averti
251 682 417 732 praedam
436 682 484 719 ab
501 681 687 728 hostibus,
707 681 878 718 nostrum
897 679 1017 717 salute
1035 680 1189 718 socium.

99 739 198 775 Pen.
227 735 339 774 Heus
367 734 605 773 adolescens!
646 747 765 785 ecqua
793 733 834 771 in
869 733 960 772 istac
987 746 1075 785 pars
1106 733 1203 771 inaet

257 790 389 839 praemi
407 787 530 825 mihi?
1146 787 1198 824 26

98 844 209 881 Ilien.
238 842 366 880 Perii!
397 842 437 879 in
455 840 608 879 insidias
627 840 773 880 deveni.

372 897 471 933 Pen.
506 895 648 944 Immo,
667 895 709 933 in
726 893 960 945 praesidium.
1016 893 1081 932 Ne
1097 892 1201 932 time.

91 950 214 990 -Mem
241 949 342 998 Quis
359 950 474 987 homo
493 948 575 985 est?

308 1004 407 1040 Pen.
433 1002 521 1051 Ego
539 1014 635 1039 sum.

451 1056 565 1093 Men.
597 1054 636 1093 Ο
655 1067 740 1092 mea
758 1052 1028 1092 commoditas!
1060 1051 1099 1092 O
1118 1065 1203 1092 mae

566 1106 852 1158 opportunitas!

98 1162 208 1200 Salve
223 1161 234 1198 !

178 1217 277 1254 Pen.
305 1213 440 1252 Salve!

332 1269 446 1306 Men.
476 1266 584 1314 Quid
603 1266 657 1304 ais
671 1267 690 1303 ?

583 1321 683 1357 Pcn.
710 1319 840 1356 Teneo
858 1317 1015 1357 dextera
1034 1317 1203 1356 Genium

689 1384 833 1409 meum.

97 1429 209 1465 BIen.
237 1425 328 1464 Non
346 1423 502 1476 potuisti
520 1423 641 1475 magis
654 1438 722 1476 per
734 1433 886 1476 tempus
904 1425 1001 1463 mihi
1014 1424 1202 1471 advenire,

254 1491 371 1530 quam
390 1477 557 1516 advenis.
1150 1478 1203 1514 30

100 1535 198 1572 Pen.
225 1532 288 1571 Ita
307 1545 376 1583 ego
402 1532 526 1570 soleo:
558 1530 835 1569 commoditatis
859 1526 1003 1569 omneis
1028 1531 1205 1569 articulos

256 1598 344 1624 5010.

98 1642 210 1678 Men.
242 1639 350 1677 Vi'n'
370 1647 412 1677 tu
429 1638 575 1678 facinus
592 1638 829 1676 luculentum
847 1637 1028 1689 inspicere
1041 1640 1060 1676 ’ἓ

604 1693 705 1729 Pen.
734 1690 834 1738 Quis
853 1691 893 1728 id
911 1692 1012 1729 coxit
1029 1692 1203 1742 coquus?

98 1747 127 1785 J
130 1759 193 1784 am
228 1745 358 1793 sciam,
396 1746 429 1784 si
461 1744 554 1797 quid
588 1744 795 1783 titubatum
825 1742 888 1793 ’st,
925 1745 993 1782 ubi
1028 1743 1206 1795 reliquias

258 1798 397 1836 videro.

101 1855 216 1890 Men.
240 1850 315 1911 Dic
333 1852 442 1899 mihi,
468 1852 642 1902 numqua
659 1859 702 1889 tu
721 1851 847 1890 vidisti
865 1851 1037 1889 tabulam
1063 1850 1206 1902 pictam

261 1915 301 1940 m
319 1912 472 1954 pariete,

100 1958 180 1998 Ubi
197 1957 326 2008 aquila
344 1957 579 1996 Catamitum
596 1966 755 2009 raperet,
774 1964 842 1997 aut
859 1957 927 1997 ubi
945 1957 1079 1996 Venus
1095 1957 1206 1995 Ado-

261 2022 377 2048 neum
391 2012 410 2048 ’ἓ
1154 2011 1206 2046 35

102 2067 204 2104 Ρειι.
232 2066 353 2114 Saepe.
406 2063 482 2103 Sed
499 2065 592 2116 quid
608 2065 690 2104 istae
703 2067 859 2118 picturae
873 2064 923 2103 ad
939 2076 1002 2102 me
1014 2063 1175 2102 attinent
1188 2065 1206 2100 ἓ

697 2121 810 2158 111011.
835 2118 939 2169 Age,
957 2130 1021 2157 me
1037 2115 1202 2167 adspice.

105 2168 256 2221 Ecquid
274 2170 452 2210 assimulo
470 2170 670 2210 similiter?
