1435 2400
183 70 206 107 4
515 66 814 107 CURCULIO.
844 66 879 105 Ι.
912 66 946 104 1.

183 175 316 212 Palin.
344 173 548 225 Numquid
565 181 621 222 tu,
650 172 751 225 quod
773 179 809 210 te
830 179 895 210 aut
922 182 1057 223 genere
1077 169 1277 222 indignum

182 279 304 327 Facis,
324 235 390 317 asiitt
403 235 572 330 tiiigeptas
591 279 734 317 facinus
750 278 883 325 facere,
904 275 1155 315 Phaedrome'?
1222 223 1276 259 23

181 332 290 370 Num
309 339 351 370 tu
369 332 515 383 pudicae
533 332 724 382 quoipiam
742 331 896 369 insidias
912 331 1027 378 locas,
1225 328 1276 365 25

180 385 265 423 Aut
283 398 398 436 quam
416 385 593 436 pudicam
613 392 757 436 oportet
775 386 881 422 esse?

889 437 1022 475 Plzaed.
1051 436 1094 475 N
1095 434 1224 474 emini-

178 491 220 529 N
223 504 264 529 ec
281 503 344 529 me
361 490 425 528 ille
444 490 525 529 sirit
542 490 706 540 Jupiter.

702 544 835 581 Palin.
862 543 948 593 Ego
965 542 1056 580 item
1074 541 1171 580 volo.

177 595 240 633 Ita
258 602 367 633 tuum
387 595 549 634 conferto
567 608 693 633 amare
711 608 869 646 semper,
892 595 922 633 si
942 596 1054 645 sapis,

177 648 255 694 Ne,
275 648 314 685 id
332 648 433 699 quod
453 662 570 697 ames,
589 649 752 699 populus
770 649 801 686 si
819 648 922 696 sciat,
943 648 1012 686 tibi
1031 648 1078 686 sit
1095 648 1242 699 probro.

176 701 334 751 Semper
352 709 492 748 curato,
512 714 560 740 ne
578 702 626 739 sis
644 701 887 740 intestabilis:
1220 699 1276 738 30

176 753 292 800 Quod
311 767 427 801 amas,
447 764 572 793 amato
590 755 746 792 testibus
764 753 1020 803 praesentibus.

177 807 317 844 Plzaed.
345 806 451 855 Quid
468 807 564 846 istuc
582 814 638 845 est
655 807 782 846 verbi?

671 863 806 899 Palin.
835 860 956 899 Caute
973 867 1016 899 ut
1032 858 1180 899 incedas
1198 857 1272 898 via·

177 912 316 951 Phaed.
344 912 450 961 Quin
469 914 554 952 leno
571 913 636 953 hic
652 914 809 952 habitat.

460 969 594 1005 Palin.
623 967 750 1004 Nemo
767 967 855 1005 hinc
872 967 1056 1018 prohibet,
1071 977 1140 1004 nec
1157 971 1272 1013 vetat,

174 1017 297 1067 Quin,
317 1018 419 1069 quod
437 1021 523 1070 pffla
535 1033 564 1057 n
583 1021 631 1057 ’st
649 1020 792 1067 venale,
813 1020 844 1058 si
862 1028 1060 1070 argentum
1079 1018 1139 1068 ’st‚
1159 1030 1275 1057 emas,

173 1070 302 1108 Nemo
320 1072 373 1108 ire
391 1084 621 1123 quemquam
641 1072 794 1122 publica
812 1073 984 1122 prohibet
1001 1072 1076 1110 via.
1221 1072 1274 1108 35

174 1121 283 1160 Dum
302 1135 350 1161 ne
367 1135 434 1172 per
450 1124 614 1161 fundum
633 1131 780 1174 septum
799 1124 912 1162 facias
930 1125 1116 1174 semitam,

174 1174 283 1212 Dum
302 1183 375 1213 tete
393 1176 577 1213 abstineas
594 1177 729 1226 nupta,
749 1177 877 1224 vidua,
898 1177 1054 1227 virgine,

173 1228 202 1265 J
206 1235 400 1274 uventute,
420 1234 456 1265 et
472 1229 597 1278 pueris
616 1229 762 1274 liberis;
796 1242 883 1267 ama
901 1229 993 1280 quid
1010 1230 1127 1268 lubet.

174 1281 308 1318 Plzoed.
338 1280 504 1318 Lenonis
519 1280 579 1318 hae
597 1288 686 1319 sunt
703 1281 812 1319 aedes.

726 1335 858 1372 Palin.
888 1334 997 1373 Male
1014 1334 1093 1374 istis
1112 1335 1272 1374 eveniat.

175 1386 313 1422 Phaed.
340 1386 455 1433 Qui?

278 1440 412 1476 Palin.
440 1438 544 1486 Quia
562 1439 754 1478 scelestam
773 1439 988 1478 servitutem
1006 1439 1183 1479 serviunt.
1217 1441 1270 1479 40

172 1491 308 1529 Phaed.
339 1492 569 1542 Obloquere.

524 1546 659 1583 Palin.
688 1545 775 1583 Fiat
791 1557 983 1584 maxume.

833 1599 963 1638 Plcaed.
989 1599 1120 1638 Etiam
1138 1598 1266 1638 taces?

171 1651 302 1689 Palin.
334 1650 486 1702 Nempe
504 1650 657 1702 obloqui
674 1663 737 1689 me
750 1652 923 1700 jusseras.

817 1706 951 1742 Plzoed.
977 1705 1036 1743 At
1051 1717 1154 1744 nunc
1172 1711 1267 1744 veto.

167 1755 217 1794 Id
235 1755 293 1793 uti
310 1757 433 1806 occepi
451 1756 595 1802 dicere;
625 1756 659 1795 ei
677 1756 854 1795 ancillula
873 1760 932 1795 'st.

169 1811 303 1847 Ραῖὶη.
334 1809 485 1859 Nempe
502 1809 590 1848 huic
607 1809 748 1858 lenoni,
769 1810 835 1861 qui
852 1810 916 1848 hic
933 1811 1079 1848 habitat
1090 1811 1109 1848 :³

851 1864 979 1901 Pleaed.
1007 1865 1125 1902 Recte
1149 1870 1265 1902 tenes.

167 1916 301 1953 Palin.
327 1914 463 1952 Minus
481 1915 703 1964 formidabo,
723 1928 770 1954 ne
789 1916 946 1953 excidat.

789 1970 918 2006 Plzaed.
948 1969 1113 2008 Odiosus
1130 1982 1179 2008 es.
1209 1970 1262 2008 45

162 2020 263 2058 Eam
283 2020 361 2058 volt
377 2020 608 2059 meretricem
627 2021 768 2059 facere:
800 2034 844 2060 ea
858 2034 920 2058 me
938 2021 1093 2071 deperit.

162 2072 250 2123 Ego
267 2082 393 2111 autem
412 2085 499 2110 cum
517 2073 583 2112 illa
601 2074 721 2112 facere
738 2075 825 2112 nolo
844 2082 1034 2112 mutuum.

164 2127 293 2164 Palen.
319 2125 424 2174 Quid
442 2125 522 2163 ita?
