1435 2400
433 56 827 99 MENAECHMEI.
857 57 910 97 V.
939 60 976 102 7·
1186 61 1262 106 127

146 167 254 218 Quid
268 165 373 205 statis
386 168 404 205 Ρ
431 165 526 217 quid
542 164 724 203 dubitatis
737 167 755 203 ἒ
779 165 863 214 jam
882 165 1086 204 sublimem
1105 174 1258 218 raptum

200 239 205 240 ⁷
302 220 480 271 oportuit.
1228 222 1254 259 6

143 273 231 326 Ego
255 273 396 335 ib⁰.³‘.¹
423 272 640 311 medicum:
669 279 807 323 prame
830 283 894 310 ero
923 272 1016 320 illic,
1047 286 1165 324 quom
1191 287 1255 313 ve-

299 334 523 418 memsslen.
550 378 711 418 Occidi!

141 433 250 481 Quid
278 433 350 472 hoc
378 440 433 472 oet
462 432 620 483 negoti?
659 432 753 483 quid
783 432 863 470 illic
894 431 1069 470 homines
1105 433 1153 470 ad
1190 446 1252 471 me

652 488 670 513 ’ᾧ

137 540 247 589 Quid
278 488 662 591 νῖῗὲἒυῗᾶεοξῗιῖῗᾱ
686 539 926 591 quaeritafis?
967 539 1061 591 quid
1089 552 1152 577 me
1181 540 1253 578 cir-

295 594 512 632 cumsistitis
526 596 544 632 Ρ

137 647 228 696 Quo
257 647 389 697 rapitis
424 649 516 685 me?
546 659 624 698 quo
651 646 757 685 fertis
788 659 852 684 me
866 649 884 685 ‚⁹
918 646 1038 698 perii!
1081 646 1251 686 Obsecro

298 708 463 738 vostram
481 700 622 747 fidem3
1203 702 1251 738 10

132 754 463 807 Epidamniensoe,
495 753 706 803 subvenite,
736 752 862 792 cives!
920 753 1029 802 Quin
1065 767 1128 793 me
1158 754 1250 792 mit-

294 808 372 846 titis
388 810 405 846 Ρ

130 863 238 900 Mes.
271 862 348 900 Pro
366 861 435 899 Dii
451 861 710 900 immortales!
741 862 909 910 obsecre,
929 861 1025 913 quid
1042 875 1112 913 ego
1129 861 1249 900 oculis

388 914 461 953 icio
478 915 573 952 meis
586 917 604 953 ἶ)

132 968 285 1006 Herum
318 981 447 1006 meum
485 968 762 1019 indignissume
794 967 1006 1020 nescio-qui
1042 969 1246 1007 sublimem

291 1021 430 1059 ferunt.

130 1077 244 1113 ᾹῙεη.
271 1074 417 1125 Ecquis
435 1074 628 1125 suppetias
646 1073 743 1111 mihi
761 1075 875 1112 audet
893 1073 1024 1113 afferre
1037 1078 1055 1113 ἓ

593 1129 699 1166 Mes.
726 1128 828 1178 Ego‚
848 1127 952 1173 here,
971 1127 1245 1167 audacissume.

129 1181 168 1221 Ο
198 1182 344 1220 facinus
379 1180 583 1232 indignum
613 1188 650 1219 et
679 1180 840 1229 malum,
870 1179 1082 1231 Epidamni
1114 1182 1213 1220 cives
1229 1183 1240 1219 l

128 1289 266 1328 Meum
286 1235 424 1326 1253?
426 1295 559 1339 paoeto
577 1287 717 1339 oppido
1195 1235 1243 1272 15

128 1343 227 1381 Luci
248 1341 410 1392 deripier
427 1342 468 1379 in
487 1342 564 1389 viix,
585 1340 652 1392 qui
670 1341 765 1379 liber
783 1340 832 1379 ad
851 1353 916 1379 vos
934 1342 1078 1380 venerit
1093 1342 1103 1380 Ξ

126 1396 275 1435 Mittite
290 1395 427 1433 istunc.

339 1449 456 1485 Men.
483 1446 653 1507 Obsecro
670 1454 721 1496 te,
742 1448 915 1500 quisquis
937 1461 991 1497 es,
1016 1461 1171 1500 operam
1197 1458 1240 1487 ut

122 1557 214 1596 Neu
231 1555 331 1594 sinas
348 1555 389 1593 in
406 1500 666 1604 mgssnffgffi’oe
685 1554 766 1592 fieri
784 1562 929 1593 tantam
947 1555 1142 1605 injuriam.

125 1612 231 1648 Mes.
263 1610 407 1656 Immo,
427 1616 464 1646 et
482 1619 637 1659 operam
661 1607 774 1656 dabo,
795 1616 833 1646 et
851 1608 1068 1657 defendam,
1093 1617 1130 1648 et
1147 1609 1237 1647 sub-

282 1662 418 1700 venibo
437 1661 581 1700 sedulo.
1185 1664 1237 1700 20

122 1717 335 1767 Nunquam
357 1724 394 1753 te
411 1715 534 1766 patiar
552 1714 673 1765 perire
685 1727 697 1751 :
726 1726 789 1752 me
806 1715 927 1766 perire
945 1724 1000 1754 εει
1018 1716 1176 1768 aequius.

122 1770 242 1821 Eripe
259 1769 414 1806 oculum
442 1768 518 1815 isti,
538 1770 586 1807 ab
604 1768 765 1806 humero
783 1769 850 1820 qui
869 1777 906 1808 te
924 1777 1041 1818 tenet,
1069 1770 1172 1817 here,
1196 1776 1234 1808 te

121 1877 240 1916 Hisce
258 1823 442 1925 εὲξδΐῐζ.
464 1883 672 1914 sementem
693 1875 733 1912 in
752 1888 815 1914 ore
835 1876 988 1925 faciam,
1007 1889 1232 1928 pugnosque

120 1929 464 2042 Maxumzbssloffie·
481 1981 583 2019 malo
611 1980 785 2032 (hercle)
815 1991 939 2022 vostro
965 1983 1089 2022 istunc
1117 1983 1238 2022 fertis.

119 2093 235 2130 Men.
264 2035 484 2139 33:12qu
501 2086 590 2126 huic
607 2088 774 2128 oculum.
