1435 2400
358 92 794 135 MOSTELLARIA.
825 93 860 133 Ι.
891 96 931 134 3.
1120 100 1199 138 269

87 203 223 254 Scaph.
250 201 407 241 Virtute
424 201 558 240 formae
585 200 625 238 id
643 200 780 246 evenit,
805 208 844 240 te
866 210 910 240 ut
929 202 1073 253 deceat,
1094 205 1207 255 quid.

245 255 341 308 quid
359 255 514 293 habeas.
1155 259 1202 303 17

86 311 230 350 Philol.
259 310 378 359 Ergo,
406 308 480 346 hoc
503 309 552 346 ob
574 308 749 355 verbum,
778 314 831 356 oe,
860 309 1025 360 Scapha,
1055 311 1205 350 donabo

245 375 317 413 ego
334 361 504 413 profecto
519 361 632 399 hodie
651 361 773 412 aliqui
788 374 800 407 3

87 417 228 469 Neque
244 416 368 467 patiar
386 423 424 453 te
450 415 570 453 istane
594 414 723 465 gratiis
750 414 938 464 laudasse,
966 429 1053 468 quae
1080 417 1205 467 placet

244 469 354 507 mihi,

85 525 258 564 Philem.
290 521 394 561 Nolo
410 534 480 573 ego
498 529 537 560 te
553 522 734 560 assentari
751 521 862 560 mihi.

477 576 617 625 Scaph.
643 575 774 614 Nimis
792 584 835 614 tu
854 575 1008 627 quidem
1029 576 1147 615 stulta
1165 591 1204 616 ω

581 628 732 666 111111101.
1147 632 1199 668 20

82 685 197 724 Eho
186 684 196 710 '
226 682 349 721 mavis
367 681 574 732 vituperari
592 681 701 730 falso,
721 695 839 733 quam
858 695 946 721 vero
964 683 1128 722 extolli?

82 737 277 790 Equidem
298 735 424 788 (pol),
441 735 501 773 vel
519 735 628 781 falso,
644 741 772 774 tamen
785 736 935 774 laudari
945 738 1070 775 multo
1083 738 1199 785 malo,

82 792 215 839 Quam
230 803 318 829 vero
332 789 493 841 culpari,
513 796 581 827 aut
594 788 687 827 alios
705 802 833 829 meam
852 790 1015 840 speciem
1032 790 1199 829 irridere.

83 847 258 884 Philem.
285 845 374 894 Ego
396 856 532 881 verum
559 855 671 880 amo:
702 856 836 881 verum
866 844 952 882 volo
975 843 1050 882 dici
1077 844 1198 882 1111111.

240 897 463 936 mendacem
482 896 558 934 odi.

80 951 313 1003 Scaph.1ta
331 959 374 988 tu
391 962 455 987 me
473 962 591 996 ameS,
602 949 657 988 ita
671 949 912 988 Philolaches
926 956 1016 989 tuus
1029 958 1068 989 te
1080 957 1197 999 amet,

239 1012 283 1042 ut
301 1010 461 1041 venusta
479 1016 517 1040 es
532 1003 542 1040 Ξ
1143 1007 1196 1042 25

81 1059 231 1098 Philoz.
262 1056 371 1104 Quid
390 1056 460 1104 ais,
480 1056 635 1094 scelaeta
647 1059 666 1095 ?
692 1056 884 1108 quomodo
901 1056 1088 1105 adjurasti
1101 1059 1119 1096 ?
1144 1057 1198 1095 ita

242 1123 311 1171 ego
329 1110 443 1148 istam
463 1122 631 1147 amarem
646 1111 664 1147 ?

79 1165 222 1214 Quid?
252 1164 355 1202 istaec
378 1175 466 1207 111ος
495 1162 537 1200 id
559 1176 627 1201 cur
649 1174 727 1201 non
752 1161 930 1201 additum
950 1161 1029 1202 st’?
1056 1163 1199 1202 infecta

239 1217 340 1255 dona
357 1216 466 1254 facio.

77 1271 254 1312 Periisti.
246 1271 255 1297 '
287 1270 390 1322 quod
407 1269 655 1321 promiseram
673 1269 744 1307 tibi
761 1250 922 1317 donum,
941 1268 1153 1320 perdidisti.

77 1326 218 1376 Scaph.
237 1323 431 1375 Equidem
447 1322 556 1374 (pol)
571 1323 688 1361 miror
701 1330 782 1361 tam
796 1329 935 1372 oetam,
949 1330 1030 1360 tam
1044 1323 1195 1362 doctam

238 1385 290 1424 te,
311 1384 348 1415 et
365 1378 461 1415 bene
480 1376 671 1424 eductam,

79 1434 171 1473 Non
190 1431 362 1479 stultam,
382 1431 497 1468 stulte
514 1429 647 1468 facere.

196 1486 369 1524 Philem.
401 1483 510 1531 Quin
528 1495 656 1532 mone,
675 1482 846 1535 (quaiso)
863 1481 896 1521 si
914 1483 1008 1534 quid
1027 1496 1120 1522 erro.
1141 1484 1193 1522 30

79 1540 219 1592 Scaph.
248 1538 315 1576 'ru
341 1535 520 1589 (eoestor)
547 1549 661 1585 erras,
685 1550 772 1588 quae
800 1536 959 1588 quidem
988 1537 1100 1575 illum
1126 1550 1192 1576 ex-

236 1598 377 1643 spectes
395 1590 744 1642 unum‚atque1111

75 1647 230 1686 Morem
246 1644 436 1696 praecipue
454 1644 506 1682 sic
523 1657 643 1705 geras,
663 1650 779 1695 atque
796 1644 890 1682 alios
909 1643 1157 1695 adsperneris.

75 1701 282 1745 Matronae,
293 1710 371 1736 non
381 1698 638 1736 meretricium
651 1696 713 1745 ’st,
725 1709 849 1736 unum
865 1697 1046 1736 inservire
1059 1710 1192 1736 aman-

75 1807 222 1846 Philol.
236 1757 338 1843 telt'nro
364 1804 544 1856 Jupiter!
584 1815 675 1843 nam
706 1805 810 1856 quod
841 1805 991 1843 malum
1022 1812 1193 1844 vorsatur

234 1871 331 1896 meae
348 1857 455 1896 domi
471 1858 570 1896 illud
582 1859 601 1896 ἓ

74 1913 145 1953 Dii
170 1913 342 1972 Deaeque
365 1923 496 1949 omnoe
522 1924 586 1949 me
612 1912 800 1963 possumis
831 1911 1019 1964 exemplis
1045 1912 1191 1950 interfi-

73 2021 162 2060 Nisi
181 1975 377 2071 egffi'm
396 2029 515 2056 anum
533 2017 752 2057 interfecero
770 2018 848 2066 siti,
862 2019 1055 2070 fameque,
1075 1967 1191 2070 aaliz

74 2073 378 2168 Philemffolo
395 2138 465 2177 ego
483 2124 579 2164 mihi
598 2125 698 2163 male
716 2132 767 2173 te,
786 2126 951 2178 Scapha,
972 2126 1186 2177 praecipere.

577 2179 719 2229 Scaph.
747 2179 876 2257 Stulta,
893 2192 933 2217 es
944 2180 1078 2270 3plane,
1100 2192 1187 2230 quae

853 2257 876 2268 ..
897 2245 924 2270 A
