1435 2400
188 64 263 102 118
468 63 863 104 MENAECHMEI.
888 64 941 103 V.
971 67 1009 103 2.

185 169 292 217 Quid
310 176 352 207 tu
370 170 485 209 tristis
504 172 573 210 es?
599 172 693 224 quid
714 171 819 209 illam
847 178 976 209 autem
1000 170 1136 209 iratam
1159 172 1227 209 abs
1254 176 1292 208 te

430 225 439 233 .
488 225 496 232 .
526 225 544 248 9

186 277 298 314 Blen.
328 223 516 328 ἐιῗξᾳῒιῗιειε
528 253 582 324 es,
611 278 797 329 quidquid
823 278 893 316 tibi
914 289 1054 316 nomen
1070 284 1141 322 αι,
1161 289 1290 324 senex,

344 343 539 369 summum
557 332 586 369 J
589 344 697 369 ovem
1238 330 1291 367 60

188 382 368 434 Deosque
386 384 548 423 detestor
568 412 577 422 .
599 412 610 422 .
628 413 636 422 .
661 412 672 422 .

278 438 366 474 Sen.
385 437 477 485 Qua
495 438 542 476 de
560 451 611 485 re,
633 445 700 475 aut
717 439 855 488 quojus
872 437 924 475 rei
943 449 1067 474 rerum
1087 435 1261 474 omnium
1274 437 1293 473 ?

188 489 302 528 Blera.
330 490 401 527 Me
428 503 551 542 neque
574 490 635 528 isti
657 491 759 528 male
782 491 910 529 fecisse
933 489 1096 533 muh'eri,
1122 502 1209 539 quae
1232 500 1295 526 me

344 552 468 593 argmt

190 594 303 632 Hanc
331 595 443 635 domo
471 598 519 635 ab
544 609 582 635 se
612 596 847 648 surripuisse,
875 604 989 648 atque
1015 595 1211 634 abstulisse
1231 594 1296 632 de-

344 660 454 697 jerat.

189 702 231 741 Si
249 715 318 752 ego
335 702 434 740 intra
452 704 561 741 aedeis
579 703 695 752 hujus
712 715 898 755 unquam,
917 703 984 741 ubi
1001 701 1161 749 habitat,
1181 713 1296 752 pene-

349 757 443 793 travi
461 757 611 806 pedem,

188 808 379 848 Omnium
403 809 605 847 hominum
629 817 767 861 exopto
791 817 835 847 ut
857 809 950 847 fiam
973 809 1198 846 miserorum
1222 807 1297 844 mi-

351 875 554 901 serrumus.
1245 861 1296 898 65

189 917 281 953 Seu.
309 914 467 953 Sanu'n'
487 929 540 962 es,
561 916 627 967 qui
644 916 740 954 istuc
758 922 926 966 exoptes,
947 926 1013 953 aut
1029 927 1144 965 neges
1161 921 1198 952 te
1225 925 1299 951 un-

349 981 465 1019 quam
485 969 622 1019 pedem

189 1022 239 1060 In
259 1034 319 1059 eas
338 1021 449 1059 aedeis
466 1022 650 1069 intulisse,
670 1021 736 1059 ubi
754 1021 916 1067 habitas,
934 1020 1212 1059 insanissume?

189 1077 303 1113 Men.
333 1073 452 1116 Tun’,
473 1087 601 1124 senex,
626 1075 680 1113 ais
697 1074 866 1113 habitare
890 1073 979 1112 med
1002 1074 1043 1111 in
1067 1073 1185 1112 illisce
1208 1072 1298 1112 aedi-

351 1127 452 1166 bus?

193 1184 282 1221 Sen-
311 1181 378 1219 Tu
397 1181 541 1231 negas?

296 1236 410 1273 Men.
437 1235 550 1284 Nego
569 1233 741 1283 (hercle)
762 1247 862 1272 vero.

523 1289 633 1325 sssul.
658 1287 793 1326 Nimio
810 1287 891 1326 haec
908 1286 1150 1338 impudenter
1166 1297 1298 1338 negas,

193 1341 282 1380 Nisi
301 1353 378 1393 quo
396 1348 505 1378 nocte
523 1341 594 1379 hac
613 1341 819 1391 emigrsssti.

716 1396 805 1432 Sen.
835 1393 1007 1432 Concede
1024 1393 1110 1440 hac,
1129 1393 1221 1431 filia.
1249 1393 1302 1437 70

192 1447 300 1496 Quid
319 1455 361 1485 tu
380 1447 434 1484 ais
448 1446 466 1482 ἶ)
493 1459 588 1484 num
606 1446 695 1484 hinc
714 1447 908 1496 emigrasti
922 1446 941 1482 ἱ)

350 1502 463 1538 splen.
493 1500 623 1547 Quem
640 1499 680 1536 in
698 1499 840 1548 locum,
860 1507 925 1538 aut
944 1501 993 1537 ob
1011 1512 1105 1546 rem,
1120 1501 1272 1538 obsecro
1284 1498 1302 1535 ’ἓ

195 1556 285 1593 Seu.
313 1554 405 1591 Non
425 1552 595 1604 (edepol)
623 1552 710 1590 scio.

513 1608 571 1643 M
571 1607 620 1642 ul.
652 1605 826 1644 Profecto
843 1605 943 1643 ludit
961 1612 998 1644 te
1015 1605 1090 1644 hic.

821 1661 912 1697 Sen.
941 1659 1034 1696 Non
1053 1667 1097 1697 tu
1112 1666 1150 1697 te
1167 1666 1271 1697 tenes
1284 1661 1303 1697 ?

192 1714 289 1752 Jam
307 1725 407 1758 ver0,
428 1712 684 1760 Menaechme,
705 1712 793 1750 satis
813 1713 960 1762 jocatus
986 1725 1048 1749 es:
1078 1725 1181 1751 nunc
1206 1712 1305 1750 hanc

352 1778 432 1803 rem
501 1779 532 1804 e.

193 1821 306 1857 Men.
334 1779 500 1865 QuaesZ?
511 1819 604 1870 quid
621 1819 717 1857 mihi
736 1827 862 1857 tecum
877 1826 931 1857 est
944 1819 962 1855 ἲ
990 1818 1120 1868 Unde,
1140 1825 1207 1856 aut
1219 1817 1305 1869 quis

358 1880 401 1909 tu
419 1872 534 1910 homo
553 1872 618 1910 ω’.)
647 1872 756 1920 Quid
773 1872 845 1910 feci
862 1885 934 1923 ego

197 1925 304 1973 Tibi,
332 1932 398 1962 aut
429 1925 523 1963 adeo
552 1926 629 1973 isti,
661 1939 746 1976 quae
775 1925 873 1963 mihi
899 1925 1058 1964 molesta
1073 1923 1121 1964 ’st
1152 1937 1306 1976 quoquo

354 1978 469 2016 modo
481 1979 498 2014 ’ἓ
1253 1979 1305 2021 75

197 2033 305 2069 ᾹῙιιῑ.
332 2030 490 2069 Vide'n'
508 2039 551 2070 tu
568 2032 626 2070 illi
644 2033 772 2073 oculos
789 2032 906 2071 virere
923 2034 941 2070 ἓ
970 2038 1014 2070 ut
1031 2031 1162 2070 viridis
1179 2030 1303 2070 exori-

359 2090 422 2122 tur
440 2085 539 2123 colos
