<?xml version="1.0" encoding="UTF-8"?>
<!DOCTYPE html PUBLIC "-//W3C//DTD XHTML 1.0 Transitional//EN"
    "http://www.w3.org/TR/xhtml1/DTD/xhtml1-transitional.dtd">
<html xmlns="http://www.w3.org/1999/xhtml" xml:lang="en" lang="en">
 <head>
  <title>
</title>
<meta http-equiv="Content-Type" content="text/html;charset=utf-8" />
  <meta name='ocr-system' content='tesseract 3.04.00' />
  <meta name='ocr-capabilities' content='ocr_page ocr_carea ocr_par ocr_line ocrx_word'/>
</head>
<body>
  <div class='ocr_page' id='page_1' title='image "./comoediaesupers02plauuoft_0263.png"; bbox 0 0 1435 2400; ppageno 0'>
   <div class='ocr_carea' id='block_1_1' title="bbox 288 75 1205 117">
    <p class='ocr_par' dir='ltr' id='par_1_1' title="bbox 288 75 1205 117">
     <span class='ocr_line' id='line_1_1' title="bbox 288 75 1205 117; baseline -0.007 -1"><span class='ocrx_word' id='word_1_1' title='bbox 288 77 466 116; x_wconf 74' lang='lat' dir='ltr'>MILES</span> <span class='ocrx_word' id='word_1_2' title='bbox 496 77 828 117; x_wconf 81' lang='lat' dir='ltr'>GLORIOSUS.</span> <span class='ocrx_word' id='word_1_3' title='bbox 858 76 933 115; x_wconf 91' lang='lat' dir='ltr'><strong>IV.</strong></span> <span class='ocrx_word' id='word_1_4' title='bbox 968 78 1005 114; x_wconf 83' lang='lat'><strong>8.</strong></span> <span class='ocrx_word' id='word_1_5' title='bbox 1125 75 1205 111; x_wconf 82' lang='lat'><strong>255</strong></span> 
     </span>
    </p>
   </div>
   <div class='ocr_carea' id='block_1_2' title="bbox 88 184 1205 916">
    <p class='ocr_par' dir='ltr' id='par_1_2' title="bbox 88 184 1205 916">
     <span class='ocr_line' id='line_1_2' title="bbox 93 184 807 223; baseline -0.001 -1"><span class='ocrx_word' id='word_1_6' title='bbox 93 185 203 222; x_wconf 77' lang='lat' dir='ltr'><em>Phil.</em></span> <span class='ocrx_word' id='word_1_7' title='bbox 236 184 275 223; x_wconf 92' lang='grc' dir='ltr'><strong>Ο</strong></span> <span class='ocrx_word' id='word_1_8' title='bbox 294 184 371 222; x_wconf 87' lang='lat' dir='ltr'><strong>mei</strong></span> <span class='ocrx_word' id='word_1_9' title='bbox 390 184 511 223; x_wconf 84' lang='lat' dir='ltr'><strong>oculi!</strong></span> <span class='ocrx_word' id='word_1_10' title='bbox 541 197 565 222; x_wconf 91' lang='lat' dir='ltr'><strong>o</strong></span> <span class='ocrx_word' id='word_1_11' title='bbox 582 184 638 222; x_wconf 89' lang='lat' dir='ltr'><strong>mi</strong></span> <span class='ocrx_word' id='word_1_12' title='bbox 655 184 807 222; x_wconf 85' lang='lat' dir='ltr'><strong>anime!</strong></span> 
     </span>
     <span class='ocr_line' id='line_1_3' title="bbox 481 235 1204 284; baseline -0.004 -9"><span class='ocrx_word' id='word_1_13' title='bbox 481 239 573 275; x_wconf 83' lang='lat' dir='ltr'><strong><em>Pal.</em></strong></span> <span class='ocrx_word' id='word_1_14' title='bbox 600 237 781 284; x_wconf 80' lang='lat' dir='ltr'><strong>Obseem,</strong></span> <span class='ocrx_word' id='word_1_15' title='bbox 802 245 889 274; x_wconf 86' lang='lat' dir='ltr'><strong>tene</strong></span> <span class='ocrx_word' id='word_1_16' title='bbox 907 236 1120 281; x_wconf 84' lang='lat' dir='ltr'><strong>mulierem,</strong></span> <span class='ocrx_word' id='word_1_17' title='bbox 1151 235 1204 272; x_wconf 82' lang='lat'><strong>20</strong></span> 
     </span>
     <span class='ocr_line' id='line_1_4' title="bbox 91 290 376 341; baseline 0 -13"><span class='ocrx_word' id='word_1_18' title='bbox 91 290 154 328; x_wconf 93' lang='lat' dir='ltr'><strong>Ne</strong></span> <span class='ocrx_word' id='word_1_19' title='bbox 173 290 376 341; x_wconf 83' lang='lat' dir='ltr'><strong>affligatur.</strong></span> 
     </span>
     <span class='ocr_line' id='line_1_5' title="bbox 479 344 662 369; baseline 0 -18"><span class='ocrx_word' id='word_1_20' title='bbox 479 344 487 351; x_wconf 89' lang='lat'><strong><em>.</em></strong></span> <span class='ocrx_word' id='word_1_21' title='bbox 537 344 545 351; x_wconf 92' lang='lat'><strong><em>.</em></strong></span> <span class='ocrx_word' id='word_1_22' title='bbox 645 344 662 369; x_wconf 82' lang='lat'><strong>.,</strong></span> 
     </span>
     <span class='ocr_line' id='line_1_6' title="bbox 108 344 1205 448; baseline -0.003 -13"><span class='ocrx_word' id='word_1_23' title='bbox 108 375 111 377; x_wconf 53' lang='lat'>&gt;</span> <span class='ocrx_word' id='word_1_24' title='bbox 248 344 687 448; x_wconf 42' lang='lat' dir='ltr'><strong>pyrgi&#39;assuglosssssslcam</strong></span> <span class='ocrx_word' id='word_1_25' title='bbox 704 399 772 435; x_wconf 86' lang='lat' dir='ltr'><strong>abs</strong></span> <span class='ocrx_word' id='word_1_26' title='bbox 790 404 826 435; x_wconf 85' lang='lat' dir='ltr'><strong>te</strong></span> <span class='ocrx_word' id='word_1_27' title='bbox 845 396 937 443; x_wconf 87' lang='lat' dir='ltr'><strong>abit,</strong></span> <span class='ocrx_word' id='word_1_28' title='bbox 958 395 1086 433; x_wconf 78' lang='lat' dir='ltr'><strong>animo</strong></span> <span class='ocrx_word' id='word_1_29' title='bbox 1104 394 1205 433; x_wconf 86' lang='lat' dir='ltr'><strong>male</strong></span> 
     </span>
     <span class='ocr_line' id='line_1_7' title="bbox 97 449 781 502; baseline 0.003 -15"><span class='ocrx_word' id='word_1_30' title='bbox 97 449 261 487; x_wconf 83' lang='lat' dir='ltr'><strong>Factum</strong></span> <span class='ocrx_word' id='word_1_31' title='bbox 278 450 325 488; x_wconf 91' lang='lat' dir='ltr'><strong>’st</strong></span> <span class='ocrx_word' id='word_1_32' title='bbox 345 449 434 489; x_wconf 73' lang='lat' dir='ltr'>huic</span> <span class='ocrx_word' id='word_1_33' title='bbox 453 459 606 502; x_wconf 86' lang='lat' dir='ltr'><strong>repente</strong></span> <span class='ocrx_word' id='word_1_34' title='bbox 624 451 781 489; x_wconf 85' lang='lat' dir='ltr'><strong>miserae.</strong></span> 
     </span>
     <span class='ocr_line' id='line_1_8' title="bbox 260 502 1199 555; baseline -0.004 -13"><span class='ocrx_word' id='word_1_35' title='bbox 260 506 392 554; x_wconf 72' lang='lat' dir='ltr'><strong>Pyrg.</strong></span> <span class='ocrx_word' id='word_1_36' title='bbox 416 504 617 543; x_wconf 84' lang='lat' dir='ltr'><strong>Accurrite</strong></span> <span class='ocrx_word' id='word_1_37' title='bbox 633 504 748 552; x_wconf 85' lang='lat' dir='ltr'><strong>intro,</strong></span> <span class='ocrx_word' id='word_1_38' title='bbox 766 513 881 555; x_wconf 85' lang='lat' dir='ltr'><strong>atque</strong></span> <span class='ocrx_word' id='word_1_39' title='bbox 899 502 1027 541; x_wconf 80' lang='lat' dir='ltr'><strong>afferte</strong></span> <span class='ocrx_word' id='word_1_40' title='bbox 1045 513 1199 553; x_wconf 84' lang='lat' dir='ltr'><strong>aquam.</strong></span> 
     </span>
     <span class='ocr_line' id='line_1_9' title="bbox 91 558 647 610; baseline 0.002 -16"><span class='ocrx_word' id='word_1_41' title='bbox 91 559 185 596; x_wconf 81' lang='lat' dir='ltr'><strong><em>Pal.</em></strong></span> <span class='ocrx_word' id='word_1_42' title='bbox 217 558 329 595; x_wconf 71' lang='lat' dir='ltr'>Nihil</span> <span class='ocrx_word' id='word_1_43' title='bbox 348 570 490 610; x_wconf 82' lang='lat' dir='ltr'><strong>aquam</strong></span> <span class='ocrx_word' id='word_1_44' title='bbox 508 570 647 595; x_wconf 81' lang='lat' dir='ltr'><strong>moror.</strong></span> 
     </span>
     <span class='ocr_line' id='line_1_10' title="bbox 450 611 723 660; baseline -0.011 -11"><span class='ocrx_word' id='word_1_45' title='bbox 450 613 581 660; x_wconf 66' lang='lat' dir='ltr'><strong>Pyrg,</strong></span> <span class='ocrx_word' id='word_1_46' title='bbox 612 611 692 649; x_wconf 90' lang='lat' dir='ltr'><strong>Cur</strong></span> <span class='ocrx_word' id='word_1_47' title='bbox 704 611 723 646; x_wconf 79' lang='lat'><strong>⁴?</strong></span> 
     </span>
     <span class='ocr_line' id='line_1_11' title="bbox 625 660 1202 708; baseline -0.005 -6"><span class='ocrx_word' id='word_1_48' title='bbox 625 665 719 702; x_wconf 79' lang='lat' dir='ltr'><em>Pal.</em></span> <span class='ocrx_word' id='word_1_49' title='bbox 746 664 858 702; x_wconf 90' lang='lat' dir='ltr'><strong>Malo</strong></span> <span class='ocrx_word' id='word_1_50' title='bbox 876 674 925 701; x_wconf 89' lang='lat' dir='ltr'><strong>ne</strong></span> <span class='ocrx_word' id='word_1_51' title='bbox 942 660 1202 708; x_wconf 82' lang='lat' dir='ltr'><strong>interveneris,</strong></span> 
     </span>
     <span class='ocr_line' id='line_1_12' title="bbox 88 716 575 768; baseline 0.002 -14"><span class='ocrx_word' id='word_1_52' title='bbox 88 716 246 764; x_wconf 60' lang='lat' dir='ltr'><strong>Quaaeo,</strong></span> <span class='ocrx_word' id='word_1_53' title='bbox 267 716 363 755; x_wconf 87' lang='lat' dir='ltr'><strong>dum</strong></span> <span class='ocrx_word' id='word_1_54' title='bbox 382 717 575 768; x_wconf 85' lang='lat' dir='ltr'><strong>resipiscit.</strong></span> 
     </span>
     <span class='ocr_line' id='line_1_13' title="bbox 207 769 1202 821; baseline -0.001 -13"><span class='ocrx_word' id='word_1_55' title='bbox 207 772 338 820; x_wconf 82' lang='lat' dir='ltr'><strong>Pyrg.</strong></span> <span class='ocrx_word' id='word_1_56' title='bbox 368 771 505 821; x_wconf 85' lang='lat' dir='ltr'>Capita</span> <span class='ocrx_word' id='word_1_57' title='bbox 521 771 619 808; x_wconf 86' lang='lat' dir='ltr'><strong>inter</strong></span> <span class='ocrx_word' id='word_1_58' title='bbox 637 783 677 808; x_wconf 90' lang='lat' dir='ltr'><strong>se</strong></span> <span class='ocrx_word' id='word_1_59' title='bbox 695 771 810 808; x_wconf 87' lang='lat' dir='ltr'><strong>nimis</strong></span> <span class='ocrx_word' id='word_1_60' title='bbox 829 783 929 808; x_wconf 82' lang='lat' dir='ltr'><strong>nexa</strong></span> <span class='ocrx_word' id='word_1_61' title='bbox 946 769 1030 807; x_wconf 87' lang='lat' dir='ltr'><strong>hice</strong></span> <span class='ocrx_word' id='word_1_62' title='bbox 1046 769 1202 808; x_wconf 84' lang='lat' dir='ltr'><strong>habent.</strong></span> 
     </span>
     <span class='ocr_line' id='line_1_14' title="bbox 89 824 924 875; baseline -0.002 -12"><span class='ocrx_word' id='word_1_63' title='bbox 89 825 181 863; x_wconf 90' lang='lat' dir='ltr'><strong>Non</strong></span> <span class='ocrx_word' id='word_1_64' title='bbox 198 824 345 875; x_wconf 81' lang='lat' dir='ltr'><strong>placet:</strong></span> <span class='ocrx_word' id='word_1_65' title='bbox 373 824 480 862; x_wconf 80' lang='lat' dir='ltr'><strong>labra</strong></span> <span class='ocrx_word' id='word_1_66' title='bbox 497 824 645 863; x_wconf 81' lang='lat' dir='ltr'><strong>labellis</strong></span> <span class='ocrx_word' id='word_1_67' title='bbox 664 824 924 862; x_wconf 76' lang='lat' dir='ltr'><strong>fer-ruminant.</strong></span> 
     </span>
     <span class='ocr_line' id='line_1_15' title="bbox 658 876 1199 916; baseline -0.007 0"><span class='ocrx_word' id='word_1_68' title='bbox 658 879 793 916; x_wconf 73' lang='lat' dir='ltr'><strong>Pleas.</strong></span> <span class='ocrx_word' id='word_1_69' title='bbox 820 877 923 915; x_wconf 86' lang='lat' dir='ltr'><strong>Aere</strong></span> <span class='ocrx_word' id='word_1_70' title='bbox 941 876 1115 914; x_wconf 84' lang='lat' dir='ltr'><strong>malum!</strong></span> <span class='ocrx_word' id='word_1_71' title='bbox 1146 877 1199 913; x_wconf 79' lang='lat'><strong>25</strong></span> 
     </span>
    </p>
   </div>
   <div class='ocr_carea' id='block_1_3' title="bbox 79 930 1197 1034">
    <p class='ocr_par' dir='ltr' id='par_1_3' title="bbox 79 930 1185 1034">
     <span class='ocr_line' id='line_1_16' title="bbox 79 930 677 981; baseline 0.003 -16"><span class='ocrx_word' id='word_1_72' title='bbox 79 930 324 978; x_wconf 73' lang='lat' dir='ltr'><strong>,Tentabam,</strong></span> <span class='ocrx_word' id='word_1_73' title='bbox 345 930 502 981; x_wconf 86' lang='lat' dir='ltr'>spiraret</span> <span class='ocrx_word' id='word_1_74' title='bbox 520 943 569 968; x_wconf 87' lang='lat' dir='ltr'><strong>an</strong></span> <span class='ocrx_word' id='word_1_75' title='bbox 587 943 677 968; x_wconf 90' lang='lat' dir='ltr'><strong>non.</strong></span> 
     </span>
     <span class='ocr_line' id='line_1_17' title="bbox 476 982 1197 1034; baseline -0.003 -12"><span class='ocrx_word' id='word_1_76' title='bbox 476 986 531 1022; x_wconf 92' lang='lat' dir='ltr'><strong><em>P</em></strong></span> <span class='ocrx_word' id='word_1_77' title='bbox 517 997 558 1033; x_wconf 77' lang='lat' dir='ltr'><strong>Jt</strong></span> <span class='ocrx_word' id='word_1_78' title='bbox 561 997 606 1033; x_wconf 85' lang='lat' dir='ltr'><em>g</em></span> <span class='ocrx_word' id='word_1_79' title='bbox 637 985 786 1022; x_wconf 86' lang='lat' dir='ltr'><strong>Aurem</strong></span> <span class='ocrx_word' id='word_1_80' title='bbox 805 983 1000 1021; x_wconf 82' lang='lat' dir='ltr'><strong>admotam</strong></span> <span class='ocrx_word' id='word_1_81' title='bbox 1017 982 1197 1034; x_wconf 88' lang='lat' dir='ltr'><strong>oportuit.</strong></span> 
     </span>
    </p>
   </div>
   <div class='ocr_carea' id='block_1_4' title="bbox 85 1036 1214 2209">
    <p class='ocr_par' dir='ltr' id='par_1_4' title="bbox 85 1036 1214 2209">
     <span class='ocr_line' id='line_1_18' title="bbox 90 1036 884 1089; baseline -0.001 -15"><span class='ocrx_word' id='word_1_82' title='bbox 90 1037 219 1075; x_wconf 73' lang='lat' dir='ltr'><strong>Pleas.</strong></span> <span class='ocrx_word' id='word_1_83' title='bbox 249 1037 318 1077; x_wconf 90' lang='lat' dir='ltr'><strong>Sin</strong></span> <span class='ocrx_word' id='word_1_84' title='bbox 336 1037 459 1089; x_wconf 86' lang='lat' dir='ltr'><strong>magis</strong></span> <span class='ocrx_word' id='word_1_85' title='bbox 476 1037 547 1085; x_wconf 86' lang='lat' dir='ltr'><strong>vis,</strong></span> <span class='ocrx_word' id='word_1_86' title='bbox 568 1039 702 1074; x_wconf 86' lang='lat' dir='ltr'><strong>ambos</strong></span> <span class='ocrx_word' id='word_1_87' title='bbox 719 1036 884 1074; x_wconf 70' lang='lat' dir='ltr'><strong>mittam.</strong></span> 
     </span>
     <span class='ocr_line' id='line_1_19' title="bbox 572 1089 1058 1139; baseline -0.002 -11"><span class='ocrx_word' id='word_1_88' title='bbox 572 1092 623 1128; x_wconf 90' lang='lat' dir='ltr'><em>P</em></span> <span class='ocrx_word' id='word_1_89' title='bbox 609 1103 699 1139; x_wconf 52' lang='lat' dir='ltr'><strong>Jre</strong></span> <span class='ocrx_word' id='word_1_90' title='bbox 729 1089 856 1127; x_wconf 82' lang='lat' dir='ltr'><strong>Nolo:</strong></span> <span class='ocrx_word' id='word_1_91' title='bbox 886 1090 1058 1128; x_wconf 81' lang='lat' dir='ltr'><strong>retineas.</strong></span> 
     </span>
     <span class='ocr_line' id='line_1_20' title="bbox 845 1142 1198 1181; baseline -0.003 -1"><span class='ocrx_word' id='word_1_92' title='bbox 845 1143 933 1181; x_wconf 80' lang='lat' dir='ltr'><em>Pal.</em></span> <span class='ocrx_word' id='word_1_93' title='bbox 961 1144 1055 1180; x_wconf 86' lang='lat' dir='ltr'><strong>Fleo</strong></span> <span class='ocrx_word' id='word_1_94' title='bbox 1072 1142 1198 1180; x_wconf 86' lang='lat' dir='ltr'><strong>miser.</strong></span> 
     </span>
     <span class='ocr_line' id='line_1_21' title="bbox 90 1195 1203 1248; baseline 0 -14"><span class='ocrx_word' id='word_1_95' title='bbox 90 1197 218 1247; x_wconf 77' lang='lat' dir='ltr'><strong>Pyrg.</strong></span> <span class='ocrx_word' id='word_1_96' title='bbox 237 1197 367 1246; x_wconf 82' lang='lat' dir='ltr'><strong>Exite,</strong></span> <span class='ocrx_word' id='word_1_97' title='bbox 387 1204 501 1248; x_wconf 90' lang='lat' dir='ltr'><strong>atque</strong></span> <span class='ocrx_word' id='word_1_98' title='bbox 519 1196 647 1235; x_wconf 84' lang='lat' dir='ltr'><strong>afferte</strong></span> <span class='ocrx_word' id='word_1_99' title='bbox 665 1197 741 1234; x_wconf 86' lang='lat' dir='ltr'><strong>huc</strong></span> <span class='ocrx_word' id='word_1_100' title='bbox 754 1196 857 1235; x_wconf 87' lang='lat' dir='ltr'><strong>intus</strong></span> <span class='ocrx_word' id='word_1_101' title='bbox 872 1195 1015 1244; x_wconf 81' lang='lat' dir='ltr'><strong>omnia,</strong></span> <span class='ocrx_word' id='word_1_102' title='bbox 1035 1195 1098 1234; x_wconf 82' lang='lat' dir='ltr'>isti</span> <span class='ocrx_word' id='word_1_103' title='bbox 1115 1208 1203 1246; x_wconf 82' lang='lat' dir='ltr'><strong>quae</strong></span> 
     </span>
     <span class='ocr_line' id='line_1_22' title="bbox 89 1302 1201 1353; baseline -0.003 -11"><span class='ocrx_word' id='word_1_104' title='bbox 89 1305 182 1342; x_wconf 77' lang='lat' dir='ltr'><em>Pal.</em></span> <span class='ocrx_word' id='word_1_105' title='bbox 199 1302 330 1342; x_wconf 79' lang='lat' dir='ltr'><strong>Etiam</strong></span> <span class='ocrx_word' id='word_1_106' title='bbox 344 1315 446 1341; x_wconf 89' lang='lat' dir='ltr'><strong>nunc</strong></span> <span class='ocrx_word' id='word_1_107' title='bbox 461 1303 583 1341; x_wconf 76' lang='lat' dir='ltr'>saluto</span> <span class='ocrx_word' id='word_1_108' title='bbox 595 1311 645 1350; x_wconf 89' lang='lat' dir='ltr'><strong>te,</strong></span> <span class='ocrx_word' id='word_1_109' title='bbox 661 1302 891 1349; x_wconf 83' lang='lat' dir='ltr'><strong>Familiaris,</strong></span> <span class='ocrx_word' id='word_1_110' title='bbox 906 1302 1129 1353; x_wconf 83' lang='lat' dir='ltr'>priusquam</span> <span class='ocrx_word' id='word_1_111' title='bbox 1144 1314 1201 1344; x_wconf 86' lang='lat' dir='ltr'><strong>eo.</strong></span> 
     </span>
     <span class='ocr_line' id='line_1_23' title="bbox 87 1355 1161 1408; baseline -0.001 -13"><span class='ocrx_word' id='word_1_112' title='bbox 87 1357 267 1396; x_wconf 84' lang='lat' dir='ltr'><strong>Conservi</strong></span> <span class='ocrx_word' id='word_1_113' title='bbox 285 1369 546 1408; x_wconf 63' lang='lat' dir='ltr'><strong>conservaeque</strong></span> <span class='ocrx_word' id='word_1_114' title='bbox 564 1368 708 1402; x_wconf 53' lang='lat' dir='ltr'><strong>omnes,</strong></span> <span class='ocrx_word' id='word_1_115' title='bbox 727 1358 823 1394; x_wconf 88' lang='lat' dir='ltr'><strong>bene</strong></span> <span class='ocrx_word' id='word_1_116' title='bbox 842 1356 962 1393; x_wconf 81' lang='lat' dir='ltr'><strong>valete</strong></span> <span class='ocrx_word' id='word_1_117' title='bbox 979 1363 1015 1393; x_wconf 88' lang='lat' dir='ltr'><strong>et</strong></span> <span class='ocrx_word' id='word_1_118' title='bbox 1035 1355 1161 1394; x_wconf 83' lang='lat' dir='ltr'><strong>vivite.</strong></span> 
     </span>
     <span class='ocr_line' id='line_1_24' title="bbox 85 1408 1199 1461; baseline -0.002 -13"><span class='ocrx_word' id='word_1_119' title='bbox 85 1410 193 1448; x_wconf 90' lang='lat' dir='ltr'><strong>Bene</strong></span> <span class='ocrx_word' id='word_1_120' title='bbox 221 1414 381 1461; x_wconf 80' lang='lat' dir='ltr'><strong>(quaeso)</strong></span> <span class='ocrx_word' id='word_1_121' title='bbox 408 1411 505 1448; x_wconf 87' lang='lat' dir='ltr'><strong>inter</strong></span> <span class='ocrx_word' id='word_1_122' title='bbox 529 1423 595 1449; x_wconf 83' lang='lat' dir='ltr'><strong>vos</strong></span> <span class='ocrx_word' id='word_1_123' title='bbox 622 1409 767 1457; x_wconf 81' lang='lat' dir='ltr'><strong>dicatis,</strong></span> <span class='ocrx_word' id='word_1_124' title='bbox 790 1416 826 1447; x_wconf 88' lang='lat' dir='ltr'><strong>et</strong></span> <span class='ocrx_word' id='word_1_125' title='bbox 851 1408 947 1446; x_wconf 86' lang='lat' dir='ltr'><strong>mihi</strong></span> <span class='ocrx_word' id='word_1_126' title='bbox 972 1409 1116 1447; x_wconf 85' lang='lat' dir='ltr'><strong>absenti</strong></span> <span class='ocrx_word' id='word_1_127' title='bbox 1142 1417 1199 1447; x_wconf 83' lang='lat' dir='ltr'><strong>ta-</strong></span> 
     </span>
     <span class='ocr_line' id='line_1_25' title="bbox 249 1463 1197 1501; baseline -0.001 0"><span class='ocrx_word' id='word_1_128' title='bbox 249 1476 351 1501; x_wconf 88' lang='lat' dir='ltr'><strong>men.</strong></span> <span class='ocrx_word' id='word_1_129' title='bbox 1148 1463 1197 1501; x_wconf 87' lang='grc'><strong>31</strong></span> 
     </span>
     <span class='ocr_line' id='line_1_26' title="bbox 88 1516 912 1568; baseline -0.002 -12"><span class='ocrx_word' id='word_1_130' title='bbox 88 1519 219 1568; x_wconf 75' lang='lat' dir='ltr'><strong>Pyrg.</strong></span> <span class='ocrx_word' id='word_1_131' title='bbox 243 1518 347 1568; x_wconf 86' lang='lat' dir='ltr'><strong>Age,</strong></span> <span class='ocrx_word' id='word_1_132' title='bbox 368 1516 576 1561; x_wconf 76' lang='lat' dir='ltr'><strong>Palaestrio,</strong></span> <span class='ocrx_word' id='word_1_133' title='bbox 595 1517 696 1554; x_wconf 86' lang='lat' dir='ltr'><strong>bono</strong></span> <span class='ocrx_word' id='word_1_134' title='bbox 713 1516 841 1554; x_wconf 88' lang='lat' dir='ltr'><strong>animo</strong></span> <span class='ocrx_word' id='word_1_135' title='bbox 859 1528 912 1554; x_wconf 60' lang='grc' dir='ltr'><strong>ω.</strong></span> 
     </span>
     <span class='ocr_line' id='line_1_27' title="bbox 490 1569 1199 1621; baseline 0.001 -14"><span class='ocrx_word' id='word_1_136' title='bbox 490 1571 579 1608; x_wconf 78' lang='lat' dir='ltr'><em>Pal.</em></span> <span class='ocrx_word' id='word_1_137' title='bbox 607 1569 747 1608; x_wconf 85' lang='lat' dir='ltr'><strong>Eheu!</strong></span> <span class='ocrx_word' id='word_1_138' title='bbox 779 1582 940 1621; x_wconf 82' lang='lat' dir='ltr'><strong>nequeo,</strong></span> <span class='ocrx_word' id='word_1_139' title='bbox 959 1570 1053 1621; x_wconf 88' lang='lat' dir='ltr'><strong>quin</strong></span> <span class='ocrx_word' id='word_1_140' title='bbox 1072 1569 1199 1618; x_wconf 86' lang='lat' dir='ltr'><strong>fleam,</strong></span> 
     </span>
     <span class='ocr_line' id='line_1_28' title="bbox 90 1623 527 1672; baseline 0.002 -11"><span class='ocrx_word' id='word_1_141' title='bbox 90 1623 219 1672; x_wconf 86' lang='lat' dir='ltr'><strong>Quom</strong></span> <span class='ocrx_word' id='word_1_142' title='bbox 239 1625 306 1662; x_wconf 82' lang='lat' dir='ltr'><strong>abs</strong></span> <span class='ocrx_word' id='word_1_143' title='bbox 324 1632 361 1662; x_wconf 89' lang='lat' dir='ltr'><strong>te</strong></span> <span class='ocrx_word' id='word_1_144' title='bbox 380 1625 527 1662; x_wconf 83' lang='lat' dir='ltr'><strong>abeam.</strong></span> 
     </span>
     <span class='ocr_line' id='line_1_29' title="bbox 304 1677 822 1728; baseline -0.004 -12"><span class='ocrx_word' id='word_1_145' title='bbox 304 1679 434 1728; x_wconf 73' lang='lat' dir='ltr'><strong>Pyrg.</strong></span> <span class='ocrx_word' id='word_1_146' title='bbox 462 1677 536 1715; x_wconf 89' lang='lat' dir='ltr'><strong>Fer</strong></span> <span class='ocrx_word' id='word_1_147' title='bbox 554 1689 664 1728; x_wconf 84' lang='lat' dir='ltr'><strong>aequo</strong></span> <span class='ocrx_word' id='word_1_148' title='bbox 682 1677 822 1715; x_wconf 86' lang='lat' dir='ltr'><strong>animo.</strong></span> 
     </span>
     <span class='ocr_line' id='line_1_30' title="bbox 514 1730 1198 1782; baseline 0 -13"><span class='ocrx_word' id='word_1_149' title='bbox 514 1732 606 1769; x_wconf 82' lang='lat' dir='ltr'><em>Pal.</em></span> <span class='ocrx_word' id='word_1_150' title='bbox 634 1730 721 1769; x_wconf 88' lang='lat' dir='ltr'><strong>Scio</strong></span> <span class='ocrx_word' id='word_1_151' title='bbox 739 1743 822 1781; x_wconf 83' lang='lat' dir='ltr'><strong>ego,</strong></span> <span class='ocrx_word' id='word_1_152' title='bbox 836 1730 930 1782; x_wconf 85' lang='lat' dir='ltr'>quid</span> <span class='ocrx_word' id='word_1_153' title='bbox 948 1730 1073 1769; x_wconf 86' lang='lat' dir='ltr'><strong>doleat</strong></span> <span class='ocrx_word' id='word_1_154' title='bbox 1090 1731 1198 1769; x_wconf 90' lang='lat' dir='ltr'><strong>mihi.</strong></span> 
     </span>
     <span class='ocr_line' id='line_1_31' title="bbox 90 1782 1197 1874; baseline 0.001 -53"><span class='ocrx_word' id='word_1_155' title='bbox 90 1783 198 1821; x_wconf 74' lang='lat' dir='ltr'><strong><em>Phil.</em></strong></span> <span class='ocrx_word' id='word_1_156' title='bbox 226 1782 308 1874; x_wconf 53' lang='lat'><strong>82³1</strong></span> <span class='ocrx_word' id='word_1_157' title='bbox 330 1784 424 1835; x_wconf 82' lang='lat' dir='ltr'><strong>quid</strong></span> <span class='ocrx_word' id='word_1_158' title='bbox 451 1784 553 1823; x_wconf 85' lang='lat' dir='ltr'><strong>hoc?</strong></span> <span class='ocrx_word' id='word_1_159' title='bbox 580 1797 667 1835; x_wconf 86' lang='lat' dir='ltr'><strong>quae</strong></span> <span class='ocrx_word' id='word_1_160' title='bbox 692 1796 749 1822; x_wconf 87' lang='lat' dir='ltr'><strong>res</strong></span> <span class='ocrx_word' id='word_1_161' title='bbox 767 1787 784 1822; x_wconf 67' lang='grc' dir='ltr'><em>ἒ</em></span> <span class='ocrx_word' id='word_1_162' title='bbox 827 1784 921 1835; x_wconf 85' lang='lat' dir='ltr'>quid</span> <span class='ocrx_word' id='word_1_163' title='bbox 944 1784 1085 1822; x_wconf 83' lang='lat' dir='ltr'><strong>video?</strong></span> <span class='ocrx_word' id='word_1_164' title='bbox 1113 1784 1197 1833; x_wconf 83' lang='lat' dir='ltr'><strong>lux,</strong></span> 
     </span>
     <span class='ocr_line' id='line_1_32' title="bbox 310 1838 373 1875; baseline 0 -1"><span class='ocrx_word' id='word_1_165' title='bbox 310 1838 373 1875; x_wconf 85' lang='lat' dir='ltr'><strong>ve!</strong></span> 
     </span>
     <span class='ocr_line' id='line_1_33' title="bbox 94 1889 556 1941; baseline 0.002 -14"><span class='ocrx_word' id='word_1_166' title='bbox 94 1891 225 1928; x_wconf 75' lang='lat' dir='ltr'><strong>Pleas.</strong></span> <span class='ocrx_word' id='word_1_167' title='bbox 251 1889 281 1927; x_wconf 85' lang='lat' dir='ltr'>J</span> <span class='ocrx_word' id='word_1_168' title='bbox 283 1902 347 1928; x_wconf 88' lang='lat' dir='ltr'><strong>am</strong></span> <span class='ocrx_word' id='word_1_169' title='bbox 364 1889 556 1941; x_wconf 58' lang='lat' dir='ltr'><strong>recipisti?</strong></span> 
     </span>
     <span class='ocr_line' id='line_1_34' title="bbox 360 1943 1202 1996; baseline 0.004 -17"><span class='ocrx_word' id='word_1_170' title='bbox 360 1943 465 1980; x_wconf 78' lang='lat' dir='ltr'><em>Phil.</em></span> <span class='ocrx_word' id='word_1_171' title='bbox 491 1943 673 1993; x_wconf 76' lang='lat' dir='ltr'><strong>Obsecro,</strong></span> <span class='ocrx_word' id='word_1_172' title='bbox 699 1957 815 1996; x_wconf 89' lang='lat' dir='ltr'><strong>quem</strong></span> <span class='ocrx_word' id='word_1_173' title='bbox 834 1944 1014 1996; x_wconf 80' lang='lat' dir='ltr'><strong>amplexa</strong></span> <span class='ocrx_word' id='word_1_174' title='bbox 1033 1957 1121 1983; x_wconf 86' lang='lat' dir='ltr'><strong>sum</strong></span> <span class='ocrx_word' id='word_1_175' title='bbox 1148 1945 1202 1983; x_wconf 86' lang='lat'><strong>35</strong></span> 
     </span>
     <span class='ocr_line' id='line_1_35' title="bbox 96 1995 987 2050; baseline 0.003 -16"><span class='ocrx_word' id='word_1_176' title='bbox 96 1996 307 2035; x_wconf 86' lang='lat' dir='ltr'><strong>Hominem</strong></span> <span class='ocrx_word' id='word_1_177' title='bbox 319 1995 339 2034; x_wconf 74' lang='lat'><strong><em>2</em></strong></span> <span class='ocrx_word' id='word_1_178' title='bbox 368 1996 494 2034; x_wconf 85' lang='lat' dir='ltr'><strong>Perii!</strong></span> <span class='ocrx_word' id='word_1_179' title='bbox 524 1998 669 2036; x_wconf 90' lang='lat' dir='ltr'><strong>Sumne</strong></span> <span class='ocrx_word' id='word_1_180' title='bbox 687 2011 757 2050; x_wconf 87' lang='lat' dir='ltr'><strong>ego</strong></span> <span class='ocrx_word' id='word_1_181' title='bbox 775 1998 879 2049; x_wconf 86' lang='lat' dir='ltr'><strong>apud</strong></span> <span class='ocrx_word' id='word_1_182' title='bbox 896 1997 987 2037; x_wconf 77' lang='lat' dir='ltr'><strong>me⁹</strong></span> 
     </span>
     <span class='ocr_line' id='line_1_36' title="bbox 545 2050 1204 2103; baseline 0 -15"><span class='ocrx_word' id='word_1_183' title='bbox 545 2050 675 2090; x_wconf 75' lang='lat' dir='ltr'><strong>Pleas.</strong></span> <span class='ocrx_word' id='word_1_184' title='bbox 704 2053 766 2091; x_wconf 82' lang='lat' dir='ltr'><strong>Ne</strong></span> <span class='ocrx_word' id='word_1_185' title='bbox 784 2052 890 2099; x_wconf 84' lang='lat' dir='ltr'><strong>time,</strong></span> <span class='ocrx_word' id='word_1_186' title='bbox 910 2052 1086 2103; x_wconf 82' lang='lat' dir='ltr'><strong>voluptas</strong></span> <span class='ocrx_word' id='word_1_187' title='bbox 1105 2063 1204 2089; x_wconf 74' lang='lat' dir='ltr'><strong>mea.</strong></span> 
     </span>
     <span class='ocr_line' id='line_1_37' title="bbox 105 2103 740 2155; baseline 0.002 -13"><span class='ocrx_word' id='word_1_188' title='bbox 105 2106 156 2143; x_wconf 89' lang='lat' dir='ltr'><em>P</em></span> <span class='ocrx_word' id='word_1_189' title='bbox 142 2117 234 2155; x_wconf 87' lang='lat' dir='ltr'><strong>Jrg</strong></span> <span class='ocrx_word' id='word_1_190' title='bbox 261 2103 369 2152; x_wconf 86' lang='lat' dir='ltr'><strong>Quid</strong></span> <span class='ocrx_word' id='word_1_191' title='bbox 387 2103 485 2142; x_wconf 84' lang='lat' dir='ltr'><strong>istuc</strong></span> <span class='ocrx_word' id='word_1_192' title='bbox 504 2111 559 2142; x_wconf 54' lang='grc' dir='ltr'><strong>δὲ</strong></span> <span class='ocrx_word' id='word_1_193' title='bbox 576 2105 704 2155; x_wconf 73' lang='lat' dir='ltr'><strong>negoti</strong></span> <span class='ocrx_word' id='word_1_194' title='bbox 722 2108 740 2143; x_wconf 85' lang='lat'>?</span> 
     </span>
     <span class='ocr_line' id='line_1_38' title="bbox 367 2157 1214 2209; baseline 0.002 -15"><span class='ocrx_word' id='word_1_195' title='bbox 367 2159 458 2195; x_wconf 82' lang='lat' dir='ltr'><em>Pal.</em></span> <span class='ocrx_word' id='word_1_196' title='bbox 485 2157 655 2196; x_wconf 82' lang='lat' dir='ltr'><strong>Animus</strong></span> <span class='ocrx_word' id='word_1_197' title='bbox 671 2157 770 2197; x_wconf 78' lang='lat' dir='ltr'><strong>hanc</strong></span> <span class='ocrx_word' id='word_1_198' title='bbox 787 2157 900 2196; x_wconf 80' lang='lat' dir='ltr'><strong>modo</strong></span> <span class='ocrx_word' id='word_1_199' title='bbox 918 2157 982 2196; x_wconf 81' lang='lat' dir='ltr'><strong>hic</strong></span> <span class='ocrx_word' id='word_1_200' title='bbox 1001 2158 1214 2209; x_wconf 82' lang='lat' dir='ltr'><strong>reliquerat.</strong></span> 
     </span>
    </p>
   </div>
  </div>
 </body>
</html>
