1435 2400
406 51 846 91 MOSTELLARIA.
876 52 927 90 V.
955 54 993 89 2.
1175 52 1255 89 315

137 159 355 211 Propterea,
385 171 472 210 quae
499 159 600 206 fecit,
629 159 719 210 quia
747 167 783 196 te
813 159 907 198 scire
931 158 1012 198 scit.
1072 158 1189 196 Nunc
1217 165 1255 196 te

206 255 210 256 ⁷
293 214 459 259 obsecro,

137 264 319 304 Stultitiae
335 266 671 317 adolescentiaeque
682 266 769 314 ejus
787 266 958 316 ignoscas
974 281 983 303 :
1005 273 1095 304 tuus
1113 272 1180 304 est.
1199 265 1251 302 35

135 318 216 357 Scis
234 319 352 357 solere
369 320 483 358 illanc
502 327 651 357 aetatem
670 319 740 356 tali
759 320 850 357 ludo
870 318 1013 358 ludere.

136 371 337 423 Quidquid
351 373 452 419 fecit,
471 373 668 411 nobiscum
688 373 766 410 una
781 372 871 410 fecit
887 386 897 408 ε
920 386 990 411 nos
1004 372 1248 423 deliquimus.

136 425 292 473 Foenus,
321 435 474 475 sortem,
498 434 748 477 sumtumque
766 438 921 464 omnem
939 428 1009 477 qui
1037 426 1159 464 amica
1177 433 1248 475 est,

292 492 422 517 omma

133 531 219 570 Nos
247 532 438 581 dabimus,
469 545 537 571 nos
564 532 812 582 conferemus,
844 540 973 571 nostro
999 540 1144 580 sumtu,
1173 544 1250 570 non

292 595 371 624 tuo.

141 639 282 677 leeur.
313 640 405 677 Non
432 640 557 690 potuit
575 639 701 678 venire
719 646 844 678 orator
867 639 992 691 magis
1019 639 1069 678 ad
1088 651 1152 677 me
1175 638 1249 676 im-

291 694 499 744 pen-abilis,
1194 693 1246 729 40

133 745 265 794 Quam
284 754 352 792 ως
381 760 506 798 neque
527 747 586 785 illi
616 759 702 785 sum
731 747 865 796 iratus,
888 759 1013 799 neque
1035 745 1249 798 quidquam

289 813 498 839 succenseo-

131 852 276 901 Immo,
293 866 357 892 me
368 862 551 905 prasente
564 862 705 902 amato,
719 854 854 902 bibito,
869 854 982 892 facito
996 853 1099 905 quod
1112 853 1220 891 lubet
1233 866 1244 890 ε

95 926 97 929 ·
130 906 173 944 Si
191 906 262 944 hoc
279 907 398 958 pudet
416 908 560 956 fecisse,
582 915 757 946 sumtum
777 907 943 959 supplici
960 907 1081 946 habeo
1100 906 1200 945 satis.

135 960 278 998 Callid.
306 960 511 1012 Dispudet.

406 1016 528 1052 Tran.
556 1015 639 1053 Dat
654 1015 768 1053 istam
786 1014 961 1053 veniam:
992 1013 1086 1065 quid
1103 1025 1166 1051 me
1182 1012 1246 1051 fiet

510 1081 614 1106 nunc
629 1070 711 1118 jam
726 1071 744 1107 ,⁹

141 1121 281 1158 leeur.
311 1120 544 1160 Verberibus
562 1122 717 1170 caedere,
736 1122 879 1170 lutum,
898 1120 1081 1173 pendens.

606 1177 727 1212 Tran.
758 1175 908 1213 Tamen
926 1174 995 1213 etsi
1011 1173 1161 1226 pudet?
1191 1175 1243 1212 45

138 1228 280 1265 leeur.
309 1226 535 1266 Interimam
553 1228 730 1278 (hercle)
748 1242 832 1279 ego,
852 1228 885 1266 si
902 1228 1000 1266 vivo.

455 1283 598 1320 Callid.
627 1283 705 1321 Fac
723 1283 836 1320 istam
855 1289 1033 1320 cunctam
1052 1282 1242 1333 gratiam:

131 1334 316 1371 Tranioni
333 1334 483 1372 remitte
500 1334 667 1385 (quaeso)
687 1336 785 1373 hanc
802 1335 958 1373 noxiam
977 1336 1091 1373 musa
1109 1334 1205 1373 mea.

138 1389 283 1426 Thenr.
310 1388 436 1425 Aliud
454 1388 605 1440 quidvis
631 1389 827 1440 impetrari
857 1402 880 1426 a
906 1401 970 1426 me
987 1388 1135 1427 facilius
1158 1402 1246 1440 per-

287 1441 407 1479 feram

127 1493 260 1542 Quam
286 1502 331 1532 ut
357 1470 433 1533 noi]
459 1508 528 1546 ego
550 1495 683 1544 istum,
711 1508 781 1547 pro
804 1494 882 1534 suis
905 1494 1014 1533 factis
1039 1495 1242 1546 pessumis,

289 1561 441 1599 pessum
458 1561 644 1600 premam.

131 1602 274 1641 Callia.
303 1601 421 1640 Mitte
438 1604 606 1655 (quaeso)
626 1603 765 1640 istunc.

570 1658 714 1694 Tkeur.
744 1655 875 1694 Hem!
906 1653 1047 1693 vide’n'
1066 1662 1110 1693 ut
1128 1662 1243 1693 restat

686 1709 866 1747 furcifer?
1188 1710 1240 1746 50

132 1761 275 1800 Callia.
304 1761 462 1810 Tranio,
483 1763 645 1813 quiesce,
665 1762 698 1800 si
715 1763 828 1814 ffipis.

486 1817 627 1854 Tlaeur.
658 1816 722 1853 Tu
742 1816 892 1867 quiesce
906 1815 1005 1854 hanc
1025 1828 1106 1853 rem
1123 1814 1238 1853 modo

127 1867 285 1905 Petere:
319 1880 389 1918 ego
412 1867 525 1906 illum
551 1870 781 1917 verberibus,
810 1878 855 1907 ut
880 1869 929 1907 sit
954 1868 1119 1920 quietus,
1148 1869 1239 1906 sub-

287 1934 410 1971 egero.

124 1975 260 2012 Callicl.
292 1974 402 2012 Mhil
425 1986 522 2025 opus
546 1982 602 2014 est
623 1976 803 2027 profecto.
857 1976 947 2027 Age
969 1975 1067 2024 jam,
1098 1976 1179 2014 sine
1199 1982 1235 2011 te

281 2040 483 2065 exorarier.

127 2082 270 2119 lecur.
301 2081 405 2119 Nolo
423 2094 515 2119 ores·
