1435 2400
202 82 280 118 256
403 80 580 122 MlLEs
609 82 945 122 GLORIOSUS.
972 82 1047 122 IV.
1075 84 1112 120 8.

201 186 413 238 Metuoque
441 195 479 226 et
504 188 633 236 timeo,
663 201 711 227 ne
738 188 810 227 hoc
837 188 990 227 tandem
1018 187 1214 240 propalam
1243 186 1310 224 fiat

359 241 485 279 nimis.
1253 242 1306 278 38

202 295 333 342 Pyrg.
363 293 470 340 Quid
488 293 528 331 id
546 301 600 332 est
615 297 632 333 ?

413 348 499 385 Pal.
529 347 612 386 Nos
631 347 839 386 secundum
857 347 951 387 ferre
969 359 1071 386 nunc
1088 360 1155 398 per
1171 347 1307 385 urbem

519 399 600 438 haec
618 401 758 447 omnia,

199 453 263 490 Ne
282 452 367 504 quis
386 453 454 492 tibi
472 452 543 491 hoc
562 453 653 491 vitio
670 461 802 491 vortat.

567 506 693 556 Pyrg.
722 507 830 553 Mea,
851 518 926 544 non
944 506 1114 550 illorum,
1129 504 1228 543 dedi.
1255 506 1325 555 40,

202 558 317 596 Parvi
336 571 404 608 ego
426 559 511 596 illos
534 559 642 597 facio.
695 559 829 610 Agite,
848 559 899 597 ite
925 572 1012 597 cum
1035 558 1124 597 Diis
1148 560 1309 598 benevo-

357 611 534 650 lentibus.

202 665 293 701 Pal.
322 663 411 702 Tua
430 677 499 716 ego
516 665 587 702 hoc
605 665 717 703 causa
733 665 828 704 dico.

517 719 647 768 Pyrg.
678 718 814 756 Credo.

678 772 768 808 Pal.
797 771 891 808 Jam
910 772 1003 809 vale.

810 826 936 873 Pyrg.
963 824 1018 862 Et
1036 831 1078 862 tu
1096 825 1192 862 bene
1213 825 1309 863 vale.

201 877 293 914 Pal.
333 877 393 914 Ite
422 877 517 915 cito:
549 877 631 925 jam
661 889 731 927 ego
760 889 935 928 assequar
964 889 1042 916 vos.
1083 877 1186 915 Cum
1217 877 1307 916 hero

356 942 477 979 pauca
496 930 609 967 etiam
628 930 775 980 loquar.

198 981 449 1033 Quamquam
467 983 559 1020 alios
577 982 760 1020 fideliores
779 994 926 1032 semper
942 982 1107 1020 habuisti
1125 983 1209 1031 tibi,

198 1035 329 1082 Quam
349 1048 424 1081 me,
446 1043 573 1073 tamen
593 1035 661 1073 tibi
674 1035 795 1073 habeo
806 1048 986 1086 magnam
1003 1035 1164 1086 gratiam
1181 1049 1308 1075 rerum

357 1088 531 1126 omnium
549 1102 558 1125 ε
1251 1091 1304 1127 45

197 1141 266 1186 Et,
287 1141 318 1178 si
335 1140 388 1178 ita
407 1141 589 1179 sententia
608 1148 716 1187 esset,
736 1141 806 1179 tibi
824 1142 959 1180 servire
977 1141 1157 1180 maveUm

198 1194 344 1243 Multo,
365 1206 482 1245 quam
500 1193 565 1231 alii
583 1194 740 1232 libertus
760 1207 849 1232 esse.

507 1248 639 1296 Pyrg.
669 1247 782 1285 Habe
801 1249 944 1285 bonum
963 1247 1149 1286 animum.

902 1302 993 1337 Pal.
1028 1301 1135 1350 [Hau
1156 1300 1251 1338 mihi
1267 1301 1302 1352 !]

197 1352 329 1401 Quom
361 1354 464 1391 venit
492 1352 588 1391 mihi
616 1353 656 1391 in
688 1361 871 1402 mentem,
904 1361 948 1391 ut
977 1365 1101 1391 mores
1131 1354 1306 1391 mutandi

355 1415 463 1455 ment,

194 1459 241 1497 M
248 1459 410 1498 uliebres
428 1472 550 1498 mores
568 1459 756 1508 discundi,
776 1458 1024 1498 obliviscundi
1042 1459 1248 1498 stratiotici.

198 1514 330 1562 Pyrg.
359 1513 392 1550 F
394 1526 437 1551 ac
455 1512 504 1551 sis
522 1513 637 1563 frugi.

483 1567 575 1608 Pal.
603 1567 633 1604 J
635 1579 698 1604 am
715 1578 791 1604 non
809 1577 989 1616 possum;
1019 1566 1129 1604 amisi
1148 1578 1301 1604 omnem

585 1619 807 1657 lubidinem.
1243 1621 1298 1658 50

194 1673 324 1721 Pyrg.
353 1671 390 1719 Ι,
410 1683 563 1723 sequere
581 1672 681 1718 illos,
710 1684 758 1709 ne
776 1683 930 1709 morere.

640 1726 732 1763 Pac.
761 1726 868 1763 Bene
887 1723 980 1761 vale.

801 1780 933 1826 Pyrg.
960 1777 1016 1815 Et
1033 1783 1075 1814 tu
1093 1778 1190 1816 bene
1203 1779 1300 1818 vale.

193 1832 283 1870 Pal.
311 1830 468 1878 Quaeso,
488 1838 531 1867 ut
548 1830 778 1879 memineris,
805 1831 836 1868 si
853 1831 947 1868 forte
971 1830 1066 1868 liber
1089 1830 1171 1869 fieri
1196 1843 1301 1870 occe-

352 1896 486 1933 Peuma

189 1936 349 1974 Mittam
368 1937 546 1975 nuntium
565 1936 614 1975 ad
633 1945 682 1985 te,
702 1949 750 1975 ne
767 1950 830 1975 me
848 1937 1006 1975 deseras.

809 1993 941 2039 Pyrg.
969 1991 1061 2028 Non
1081 1996 1136 2027 est
1153 2002 1296 2030 meum.

189 2044 278 2080 Pal.
308 2042 483 2092 Cogitato
500 2041 720 2091 identidem,
741 2043 810 2081 tibi
829 2056 944 2094 quam
962 2043 1082 2082 fidelis
1099 2043 1250 2081 fuerim.

187 2096 229 2134 Si
250 2095 290 2134 id
317 2095 443 2142 facies,
468 2103 552 2133 tum
574 2096 730 2135 demum
755 2096 880 2146 scibis,
908 2095 977 2136 tibi
1002 2096 1069 2148 qui
1086 2097 1209 2136 bonus
1229 2097 1294 2144 sit,

342 2148 410 2200 qui
427 2148 564 2188 malus.
1234 2152 1286 2187 55
