1435 2400
220 96 297 141 274
496 96 926 136 MOSTELLARIA.
955 96 990 135 Ι.
1019 97 1058 134 3.

222 202 362 240 Itidem
381 204 497 251 olent,
517 203 626 255 quasi
645 216 761 254 quom
780 203 858 241 una
876 203 999 241 multa
1022 203 1111 252 jura
1128 199 1326 240 confundit

380 269 504 295 cocus.
1249 255 1326 291 120

221 307 329 356 Quid
358 310 497 357 oleant,
524 309 680 358 nescias,
709 309 781 348 nisi
808 309 848 346 id
875 321 1012 359 unum,
1040 316 1084 346 ut
1109 308 1209 346 male
1226 308 1325 346 olere

381 363 581 414 intelligas.

222 416 368 453 Philol.
396 417 450 454 Ut
475 416 649 467 perdocte
672 423 806 454 cuncta
830 415 966 454 callet!
1001 415 1098 453 nihil
1121 414 1193 452 hac
1215 412 1326 451 doct'a

380 469 538 507 doctius.

219 522 366 560 Verum
394 523 490 560 illud
519 528 586 570 est,
608 535 866 574 maxumaque
888 522 982 561 adeo
1003 533 1090 573 pars
1113 527 1323 560 vostrorum

378 576 567 626 intelligit,

220 627 373 675 Quibus
403 641 497 667 anus
520 629 624 667 domi
654 635 742 667 sunt
762 641 913 678 uxores,
946 642 1032 680 quae
1051 641 1116 666 vos
1140 627 1227 666 dote
1244 639 1325 665 me-

377 690 546 719 ruerunt.

221 735 389 772 Philem.
419 735 618 786 Agedum,
639 736 853 787 contempla
871 748 1007 773 aurum
1027 741 1065 773 et
1082 733 1242 785 pallam,
1268 746 1327 771 sa-

378 789 460 826 ti'n'
479 789 559 826 haec
578 801 638 825 me
657 789 797 836 deceat,
819 789 997 840 Scapha?
1249 787 1324 824 125

218 842 357 891 Scaph.
387 842 478 879 Non
496 854 558 879 me
576 853 706 879 curare
721 842 817 879 istuc
835 849 991 893 oportet.

520 896 692 933 Plcilem.
721 895 850 942 Quem
870 897 1054 942 (obsecro)
1072 893 1216 946 igitur?

955 949 1094 998 Scaph.
1122 948 1319 997 Eloquar:

219 999 493 1039 Philolachem.
524 1001 564 1038 Is
582 1011 631 1038 ne
645 999 739 1051 quid
758 1006 871 1049 emat,
887 1000 959 1039 nisi
973 1001 1077 1052 quod
1097 1001 1164 1039 tibi
1177 1001 1323 1052 placere

218 1106 323 1143 Nam
360 1061 737 1173 affissigitgmeretricis
770 1119 893 1146 mores
929 1107 1001 1145 sibi
1035 1106 1128 1146 emit
1163 1117 1255 1144 auro
1286 1112 1323 1144 et

217 1211 324 1259 Quid
346 1173 613 1295 ogiigissguod
642 1227 756 1252 suum
781 1226 861 1253 esse
885 1213 995 1263 nolit,
1020 1213 1054 1252 ei
1079 1213 1181 1251 ultro
1198 1219 1326 1251 osten-

216 1274 729 1370 purpuriaggs'occultanda
744 1321 814 1359 ’stz
839 1319 996 1370 [aurum
1011 1327 1122 1372 turpe
1136 1319 1321 1370 mulieri]

215 1372 381 1410 Pulchra
412 1374 550 1450 mulier
578 1374 681 1412 nuda
710 1374 793 1422 erit,
829 1387 946 1425 quam
977 1379 1201 1426 purpurata,
1233 1373 1321 1462 {1:311-

215 1477 365 1527 Postea,
375 1427 644 1532 (iilgtiiiidquam
662 1488 843 1519 exornata
859 1480 906 1520 ’st
928 1482 1037 1528 bene,
1057 1479 1090 1517 si
1115 1485 1262 1517 morata
1274 1480 1321 1516 'st

214 1533 629 1625 Pulchniiiissginatum
654 1594 782 1638 turpes
810 1599 934 1625 mores
960 1586 1069 1638 pejus
1091 1596 1194 1624 coeno
1213 1585 1322 1624 colli-

214 1690 256 1727 N
257 1703 332 1735 am,
355 1646 566 1743 sillpnulchra
579 1694 640 1740 'st‚
660 1692 774 1730 nimis
791 1698 923 1729 ornata
935 1691 994 1730 ’st-

558 1747 700 1783 th'lol.
730 1745 860 1784 Nimis
877 1745 944 1783 diu
962 1744 1131 1784 abstineo
1147 1750 1320 1784 manum.

213 1796 322 1845 Quid
338 1797 402 1836 hic
421 1810 486 1836 vos
504 1798 590 1837 duae
607 1799 749 1849 agitis?

373 1852 542 1889 Philam.
572 1852 679 1901 Tibi,
699 1865 762 1890 me
780 1864 934 1899 exorno,
954 1859 999 1891 ut
1015 1852 1200 1904 placeam.

712 1907 857 1943 Philol.
891 1905 1038 1944 Ornata
1057 1919 1094 1944 es
1113 1905 1214 1943 satis.
1245 1905 1319 1941 135

212 1956 294 1996 Abi
310 1957 399 1995 hinc
412 1964 454 1995 tu
472 1958 596 2004 intro3
617 1965 732 2010 atque
745 1966 964 1998 ornamenta
981 1959 1062 1997 haec
1074 1959 1192 1997 aufer.
1228 1957 1318 2006 Sed,

368 2011 541 2062 voluptas
558 2024 658 2059 mea,

211 2063 306 2101 Mea
320 2064 607 2114 Philematium,
625 2072 755 2116 potare
772 2073 898 2104 tecum
916 2065 1127 2103 collibitum
1141 2065 1189 2103 ’st
1206 2063 1315 2103 mihi.

213 2118 385 2156 Philem.
412 2117 527 2156 Libet
545 2126 582 2156 et
599 2119 768 2169 (edepol)
786 2119 884 2156 mihi
904 2125 1028 2157 tecum
1047 2132 1059 2156 ε
1089 2130 1196 2167 nam,
1219 2117 1323 2170 quod

370 2169 440 2209 tibi
458 2171 565 2221 libet,
584 2171 686 2212 idem
704 2172 800 2212 mihi
818 2173 924 2221 libet,
