1435 2400
229 87 307 124 254
428 85 605 125 MILES
635 85 967 126 GLORIOSUS.
999 87 1074 127 IV.
1103 89 1141 126 8.

229 192 311 240 Qui
330 206 352 230 a
370 201 490 231 matre
509 200 546 231 et
563 205 686 231 sorore
705 193 807 230 venit
824 195 841 231 Ρ

549 248 658 284 Phil.
687 246 824 284 Video.

662 302 791 349 Pyrg.
821 299 1033 348 Audistin’,
1055 299 1281 338 Palaestrio?
1311 300 1336 337 3

228 354 319 392 Pal.
352 352 459 401 Quid
479 353 534 391 vis
547 355 565 391 Ρ

465 408 592 456 Pyrg.
621 405 727 453 Quin
747 412 788 442 tu
808 405 911 443 intus
925 406 1036 455 jubes
1053 406 1174 445 efferri
1192 405 1334 453 omnia,

572 473 659 511 quae
677 459 740 496 isti
760 459 874 496 dedi?

228 513 361 550 Pleas.
387 513 722 558 Philocomasium,
749 512 861 550 salve.

544 567 653 605 Phil.
684 566 736 603 Et
755 573 796 602 tu
815 565 927 603 salve.

741 620 874 656 Pleus.
902 618 1106 669 Materque
1125 623 1162 656 et
1180 629 1282 656 soror
1308 619 1333 654 5

228 670 320 710 Tibi
338 672 499 712 salutem
518 685 581 711 me
595 673 790 721 jusserunt
809 671 942 709 dicere.

942 724 1053 761 Phil.
1083 723 1208 762 Salvae
1225 723 1334 761 sient.

226 779 359 816 Pleu-s.
388 779 513 818 Orant
531 786 581 824 te,
601 784 646 815 ut
663 790 738 825 eas,
760 784 893 815 ventus
911 790 1064 828 operam
1083 777 1177 815 dum
1194 777 1272 820 dat,
1291 783 1338 814 ut

384 833 512 870 velum
531 831 732 882 explicent.

223 883 344 932 Nam,
365 886 478 923 matri
496 885 595 923 oculi
613 884 643 922 si
663 883 843 929 valerent,
859 895 1009 920 mecum
1025 883 1185 921 venisset
1205 882 1333 921 simul.

225 939 335 975 Phil.
366 939 451 983 Ibo,
472 949 708 988 quamquam
723 936 841 974 invita
858 935 954 974 facio
972 936 1123 974 omnia:
1144 936 1264 988 pietas
1282 935 1335 974 sic

382 991 542 1029 cohibet.

544 1045 678 1081 Pleus.
706 1041 827 1092 Sapis.

224 1098 355 1147 Pyrg.
383 1096 424 1133 Si
449 1109 526 1135 non
547 1109 699 1135 mecum
725 1102 874 1133 aetatem
899 1094 1049 1145 egisset,
1080 1094 1192 1133 hodie
1219 1096 1334 1134 stulta

381 1149 534 1188 viveret.
1281 1148 1330 1186 10

223 1204 328 1241 Phil.
360 1204 464 1242 Istuc
483 1203 638 1247 crucior,
659 1215 682 1239 a
700 1201 779 1239 viro
797 1214 860 1239 me
882 1201 949 1239 tali
968 1201 1226 1240 abalienarier.

220 1257 327 1294 Nam
347 1264 388 1294 tu
408 1257 582 1308 quamvis
599 1255 697 1306 potis
715 1268 754 1293 es
773 1254 893 1293 facere
909 1255 965 1293 uti
984 1255 1078 1293 fluat
1096 1255 1262 1293 facetiis:

219 1309 289 1356 Et,
317 1309 408 1361 quia
432 1317 558 1349 tecum
586 1321 704 1357 eram,
728 1315 926 1359 propterea
951 1308 1078 1346 animo
1101 1321 1204 1347 eram
1232 1308 1329 1347 fero-

379 1376 457 1401 c1or
473 1378 483 1401 ε

218 1417 321 1455 Eam
340 1417 575 1455 nobilitatem
594 1414 849 1453 amittundam
868 1414 987 1453 video.

632 1470 765 1517 Pyrg.
796 1468 975 1505 Nimium
993 1467 1073 1505 haec
1091 1466 1168 1505 flet.

1012 1522 1118 1559 Phil.
1148 1520 1326 1572 Nequeo,

219 1578 352 1626 Quom
370 1584 407 1615 te
426 1575 547 1614 video.

496 1629 586 1666 Pal.
620 1626 734 1664 Habe
750 1628 896 1665 bonum
914 1627 1099 1664 animum.
1139 1627 1224 1666 Scio
1243 1641 1327 1679 ego,

600 1687 637 1717 et
651 1679 744 1731 quid
763 1680 886 1718 doleat
899 1679 1008 1717 mihi.
1278 1682 1326 1719 15

216 1739 323 1778 Nam
350 1735 448 1773 nihil
473 1733 604 1781 miror,
629 1734 660 1770 si
686 1732 860 1782 libenter,
896 1733 1232 1782 Philocomasium,
1263 1734 1327 1773 hic

215 1844 357 1884 Forma
375 1801 512 1890 ῗιῗῗιιε,
536 1852 674 1888 mores,
697 1839 829 1889 virtus,
854 1840 1027 1878 animum
1052 1839 1238 1879 attinuere
1260 1840 1325 1879 hic

214 1952 322 2001 Quin
347 1904 584 2000 egbusslgi-ms,
612 1945 765 1997 quando
792 1945 957 1997 adspicio
981 1946 1099 1994 hunc,
1122 1946 1208 1995 fleo,
1235 1947 1326 1998 quia

371 2000 619 2051 dijungimur.

214 2060 322 2098 Phil.
360 2056 542 2100 Obsecro,
577 2053 666 2091 licet
701 2052 913 2103 complecti,
950 2052 1173 2103 priusquam
1209 2053 1323 2104 profi-

370 2109 466 2148 cisco
482 2110 499 2145 ¹?

506 2162 633 2209 Pyrg.
667 2159 788 2198 Licet.
