1435 2400
432 40 769 80 MERGATOR.
797 41 856 80 11.
891 42 926 80 1.
1159 38 1234 83 147

133 145 238 193 Quin
258 146 443 199 quidque,
461 154 506 184 ut
522 146 707 194 dicebam,
724 145 821 184 mihi
840 145 1024 184 credebat.

495 201 616 239 Char.
645 201 808 247 Verum,
828 207 872 237 ut
889 200 958 237 tibi
977 199 1131 250 quidem
1161 199 1237 238 103

130 251 248 291 Visus
266 260 333 291 aet.

287 308 433 345 Acant.
460 307 578 352 Non3
609 306 675 344 sed
694 306 878 345 credebat.

451 362 572 399 Char.
592 361 665 399 Vae
683 360 779 398 mihi
797 359 933 397 misero
949 358 958 395 !
990 359 1119 397 nullus
1139 372 1237 400 sum.

129 411 204 450 Sed
222 412 314 464 quid
329 426 398 464 ego
414 413 480 452 hic
493 414 532 451 in
544 413 789 452 lamentando
807 425 932 464 pereo,
952 411 1001 450 ad
1014 412 1142 450 navim
1161 426 1238 452 non

286 478 330 504 eo
342 469 360 505 ἓ
1159 467 1234 505 105

128 519 304 570 Sequere.

242 573 382 611 Acant.
410 573 452 635 S}
468 572 561 612 istac
573 572 659 622 ibis,
681 571 924 611 commodum
942 572 1094 611 obviam
1113 573 1237 612 venies

346 636 457 677 pam.
687 649 691 653 ·

126 677 382 730 Postoequam
400 679 579 740 adspiciet
603 686 641 718 te
663 678 843 717 timidum
867 691 945 718 esse
968 686 1083 731 atque
1107 679 1239 718 exani·

124 733 571 847 Βεᾱηεδῐίῗῗωζῑὲἐίἓιέἵῖ,
619 785 720 824 unde
763 785 872 824 sslam'
912 785 1066 835 emeris,
1106 786 1239 837 quanti

124 851 504 931 Timiduffiffistssbit
522 900 570 931 te.

209 946 326 983 Char.
355 946 462 993 Quin
481 946 553 985 hac
570 947 634 985 ibo
651 946 790 997 potius.
832 946 926 984 Jam
945 958 1071 984 censes
1089 955 1238 997 patrem

124 997 277 1035 Abiisse
293 1011 317 1036 a
334 1006 446 1049 portu
456 998 474 1034 ?

204 1052 343 1089 Acant.
374 1051 482 1099 Quiu
502 1051 546 1090 e&
565 1065 634 1102 ego
652 1052 729 1090 huc
746 1052 974 1102 praecucurri
992 1052 1128 1102 gratia,
1162 1053 1238 1092 110

125 1103 166 1141 N
168 1115 187 1140 e
207 1110 243 1141 te
261 1105 489 1156 opprimeret
503 1105 799 1156 imprudentem,
820 1112 933 1156 atque
952 1106 1137 1144 electaret.

895 1159 1014 1197 Char.
1044 1158 1232 1210 Optume.

387 1317 575 1357 ACTUS
602 1318 661 1356 II.
716 1318 901 1357 SCENA
930 1318 965 1357 Ι.

548 1424 794 1463 ΒΕΜῙΡΗΟ.

123 1531 239 1569 Miris
257 1531 379 1570 modis
398 1531 467 1569 Dii
483 1531 593 1569 ludos
610 1531 755 1570 faciunt
771 1530 1005 1579 hominibus,

123 1584 313 1636 Mirisque
331 1585 515 1636 exemplis
534 1585 680 1623 somnia
697 1585 738 1622 in
758 1584 901 1623 somnis
918 1585 1090 1624 danunt:

123 1637 243 1675 Velut
261 1651 344 1688 ego,
365 1646 472 1676 nocte
490 1638 575 1686 hac,
597 1651 683 1689 quae
701 1638 892 1688 praeteriit,
922 1637 1126 1689 proxume,

126 1690 176 1728 In
195 1691 336 1728 somnis
355 1691 415 1742 egi
433 1691 538 1738 satis,
560 1699 597 1730 et
614 1691 673 1729 fui
690 1691 805 1729 homo
824 1692 1022 1731 exercitus.

124 1743 291 1781 Mercari
308 1744 410 1782 visus
426 1744 523 1782 mihi
540 1756 624 1782 sum
645 1744 848 1782 formosam
867 1757 1044 1796 capram:
1208 1748 1233 1783 5

124 1797 177 1834 Ei
195 1809 243 1835 ne
261 1804 422 1845 noceret,
443 1810 560 1848 quam
580 1798 685 1836 domi
703 1806 792 1836 ante
810 1797 927 1836 habui
946 1811 1114 1849 capram,

125 1850 215 1887 Neu
233 1849 498 1897 discordarent,
519 1851 551 1888 si
569 1853 682 1889 ambo
700 1851 739 1888 in
759 1863 836 1889 uno
855 1859 978 1889 essent
996 1853 1091 1900 loco,

125 1902 316 1940 Posterius
334 1915 451 1953 quam
468 1912 655 1942 mercatus
667 1904 829 1951 fueram,
851 1905 953 1943 visus
972 1918 1057 1943 sum

125 1955 175 1993 In
194 1955 403 1994 custodiam
422 1968 505 1994 eam
523 1957 642 1995 simiae
659 1957 888 1996 concredere.

123 2009 185 2048 Ea
203 2009 313 2047 simia
331 2008 424 2047 adeo
441 2016 526 2060 post
542 2010 647 2048 haud
663 2011 787 2049 multo
806 2011 856 2048 ad
882 2023 946 2049 me
963 2011 1065 2050 venit
1081 2025 1094 2058 ;
1195 2011 1242 2050 10

126 2061 234 2100 Male
251 2062 348 2100 mihi
365 2069 552 2113 precatur,
572 2070 609 2101 et
626 2063 715 2102 facit
733 2063 967 2102 convicium:

126 2115 199 2153 Ait
216 2127 311 2164 saee,
330 2114 435 2154 iuius
453 2113 567 2167 oper&
584 2123 698 2167 atque
716 2116 882 2156 adventu
901 2128 1036 2167 caprae,
