1435 2400
342 72 780 112 MOSTELLARIA.
813 71 895 110 III.
924 74 964 109 2.
1125 72 1203 110 299

97 178 239 216 Theur.
269 178 381 226 Haec,
399 192 488 230 quae
505 191 676 229 possum,
698 191 741 216 ea
759 178 856 216 mihi
883 178 1051 229 profecto
1069 186 1204 216 cuncta

247 231 488 270 vehementer
502 231 665 282 placent.
1024 241 1027 242 ’
1126 232 1201 269 153

90 285 189 323 Sim.
218 285 355 323 Latius
373 285 531 323 demum
550 293 605 322 est
623 297 747 335 operae
766 285 931 335 pretium
950 284 1073 323 ivisse.

553 340 696 375 leezcr.
729 339 847 376 Recte
869 338 1037 387 (edepol)
1058 351 1198 376 mones.

88 393 188 430 Sim.
212 392 300 430 Eho
316 393 325 430 Ξ
355 392 487 439 istum,
506 405 616 443 puer,
636 391 874 430 circumduce
890 391 1001 428 hasce
1020 392 1144 437 aedeis,
1165 400 1201 429 et

247 446 449 484 conclavia.
1123 445 1198 481 155

87 499 130 537 N
130 511 193 537 am
209 507 357 550 egomet
370 498 579 546 ductarem‚
595 498 668 536 nisi
686 498 782 536 mihi
796 505 890 537 esset
904 497 953 536 ad
964 497 1090 535 forum
1109 510 1202 549 neg-

246 561 384 591 Otlmn.

93 606 237 645 Tkeur.
264 606 405 657 Apage
424 605 542 643 istum
560 618 584 643 a
601 618 664 643 me
681 605 969 657 pei-ductorem:
1000 604 1056 642 nil
1074 617 1201 643 moror

246 659 445 697 ductarier.

88 714 187 751 Sim.
215 712 339 761 Quid,
359 712 454 763 quid
471 719 526 750 est
541 715 558 751 ?

369 767 512 804 Tlaeur.
539 766 687 805 Errabo
704 767 845 818 potius,
867 778 985 818 quam
1003 764 1199 817 perductet

486 820 689 872 quispiam.

87 874 187 911 Sim.
216 872 351 911 AEdeis
369 873 465 912 dico.

286 928 432 965 Theur.
459 927 566 977 Ergo
583 926 684 965 intro
702 940 746 966 eo
764 928 845 966 sine
862 926 1096 978 perductore.

910 982 1010 1018 Sim..
1040 980 1077 1028 I,
1097 979 1198 1018 licet.

92 1033 239 1071 Tlaeur.
267 1033 339 1071 Ibo
356 1032 456 1070 intro
474 1032 604 1083 igitur.

297 1088 418 1124 Tran.
448 1086 570 1124 Mane
589 1087 639 1125 sis
656 1102 666 1125 z
686 1087 851 1133 videam,
870 1098 918 1124 ne
937 1086 1040 1124 canis
1057 1115 1065 1123 .
1080 1113 1091 1123 .
1110 1113 1119 1123 .
1133 1114 1144 1124 .

602 1142 746 1178 Tlaeur.
774 1140 972 1191 Agedum,
993 1140 1090 1178 vide.
1121 1140 1195 1178 160

93 1195 214 1231 Tran.
242 1193 327 1231 Est.

249 1248 394 1285 Theur.
422 1247 503 1285 Ubi
522 1247 625 1286 canis
645 1255 699 1285 est
713 1249 731 1286 ?

432 1302 554 1339 Trou.
573 1301 655 1339 Abi
673 1301 846 1339 diei-ecta.
879 1301 948 1340 St!
971 1299 1088 1339 abi'n’
1107 1300 1197 1338 hinc

560 1354 601 1392 in
620 1355 763 1392 malam
781 1367 930 1393 cmcem
947 1357 964 1392 Ρ

78 1406 138 1443 Α1
155 1405 270 1444 etiam
288 1414 439 1446 roetas.
421 1409 439 1433 ‘
471 1409 541 1447 St.
533 1408 541 1432 ¹
574 1408 637 1446 abi
655 1407 776 1446 istinc.

617 1463 717 1499 Sim.
746 1461 858 1499 Nihil
874 1461 1004 1512 perich
1022 1468 1091 1507 est,
1112 1474 1196 1511 age.

79 1512 182 1550 Tam
209 1513 358 1565 placida
376 1523 446 1561 est,
472 1527 590 1566 quam
619 1522 674 1553 est
696 1527 808 1566 aqua.
869 1515 981 1553 Vise:
1014 1515 1068 1553 ire
1095 1514 1195 1552 111110

240 1567 418 1606 audacter
434 1543 533 1606 iicet.

80 1619 143 1657 Eo
157 1632 227 1671 ego
244 1620 334 1658 hinc
352 1621 400 1659 ad
419 1621 558 1660 forum.

328 1676 471 1713 Tkeur.
499 1676 637 1714 Fecisti
655 1675 877 1720 commode;
908 1677 1004 1714 bene
1022 1675 1190 1713 ambula.

77 1725 237 1773 Tranio,
252 1740 337 1778 age,
352 1741 484 1767 canem
497 1729 610 1768 istam
623 1744 646 1768 a
656 1729 800 1768 foribus
814 1729 979 1768 abducas
993 1730 1096 1776 face3
1120 1729 1194 1766 165

80 1779 169 1818 Etsi
185 1791 263 1818 non
282 1782 487 1820 metuenda
505 1791 573 1821 est.

342 1836 462 1875 Tran.
491 1835 597 1883 Quin
616 1844 661 1875 tu
677 1836 786 1875 illam
803 1835 967 1888 adspice,
987 1843 1030 1874 ut
1046 1835 1196 1888 placide

456 1892 613 1928 accubat
627 1905 639 1928 ε

78 1939 169 1978 Nisi
187 1940 388 1979 molestum
409 1941 466 1980 vis
484 1942 602 1981 videri
619 1950 670 1993 te,
691 1951 805 1994 atque
822 1944 1019 1995 ignavum.

723 1999 868 2036 Theur.
896 1999 992 2037 Jam
1010 2004 1054 2035 ut
1072 1996 1194 2034 lubet.

80 2046 246 2099 Sequere
262 2048 334 2087 hac
353 2048 483 2099 igitur.

320 2103 441 2141 Tran.
471 2101 664 2154 Equidem
682 2103 788 2142 haud
805 2117 971 2156 usquam
990 2117 1012 2141 a
1031 2102 1192 2154 pedibus

454 2155 652 2194 abscedam
669 2156 757 2194 tuis.
