1435 2400
194 85 245 121 48
536 85 818 126 EPIDICUS.
845 86 882 126 I.
910 89 948 125 2.

767 195 886 244 Epid.
914 194 1021 241 Quid
1038 193 1165 232 retulit
1244 195 1296 232 30

195 242 298 282 Mihi
323 251 514 296 tantopere
538 254 575 285 te
604 246 797 295 mandare,
828 254 864 285 et
892 248 1040 286 mittere
1065 247 1113 285 ad
1134 259 1196 285 me
1221 247 1300 298 epi-

353 299 467 337 stolas
483 302 501 338 Ρ

194 352 317 389 Strat.
346 352 460 390 Illam
479 354 654 390 amabam
674 352 790 398 olim3
812 366 913 391 nunc
927 355 1008 402 jam
1026 353 1101 392 alia
1118 366 1207 392 cura
1223 352 1299 391 im-

349 405 487 455 pendet
505 406 658 456 pectori.

192 458 312 507 Epiri.
342 458 493 504 Hercle,
513 459 693 497 miserum
714 459 775 508 'st‚
796 459 989 510 ingratum
1011 472 1088 497 esse
1113 459 1153 496 id
1184 472 1298 497 omne

349 512 452 562 quod
470 511 584 549 facias
603 514 709 550 bene.

192 562 278 613 Ego
297 565 399 615 quod
417 567 513 603 bene
525 565 609 611 feci,
620 566 720 602 male
738 564 823 613 feci,
844 565 934 617 quia
945 578 1051 604 amor
1061 565 1225 604 mutavit
1240 566 1297 604 lo-

349 631 449 655 cum.

191 671 316 708 strat.
344 670 588 721 Desipiebam
608 671 757 719 mentis,
779 684 866 710 cum
891 671 974 710 illas
1000 671 1154 721 scriptas
1171 670 1299 708 mitte-

350 725 439 761 bam
459 724 539 762 tibi.
1245 724 1296 760 35

189 777 308 826 Epid.
340 777 385 814 M
391 778 450 814 en'
478 777 707 827 piacularem
735 785 881 829 oportet
909 778 989 815 fieri
1018 779 1066 815 ob
1097 776 1297 816 stultitiam

347 837 453 867 tuam
466 829 484 866 ?

188 882 246 920 Ut
263 895 392 920 meum
408 891 555 934 tergum
571 883 740 921 stultitiae
756 891 831 921 tuae
845 884 983 922 subdas
997 883 1260 922 succidaneum
1277 885 1294 920 Ρ

194 937 326 974 Clzaer.
345 935 452 982 Quid
466 937 548 974 istic
567 938 679 974 verba
694 937 851 975 facimus
865 940 882 975 ἶ)
902 937 991 974 huic
1003 937 1150 974 homini
1168 935 1295 988 opu’st

348 989 598 1039 quadraginta
616 990 730 1027 minis

189 1041 367 1080 Celeriter
386 1042 528 1088 calidis,
549 1042 705 1079 danistae
724 1056 818 1093 quas
835 1043 1010 1088 resolvat,
1031 1050 1068 1080 et
1085 1042 1170 1081 cito.

188 1096 306 1145 Epid.
335 1095 409 1132 Dic
431 1095 557 1143 modo,
586 1095 686 1132 unde
708 1096 853 1134 auferre
877 1108 939 1134 me
964 1096 1050 1134 vis?
1079 1110 1101 1133 a
1120 1109 1196 1147 quo
1218 1103 1294 1135 tra-

345 1148 469 1198 pezita
487 1150 605 1197 peto?
1240 1151 1292 1188 40

187 1204 312 1240 Strat.
342 1201 456 1239 Unde
474 1201 587 1240 libet:
620 1213 724 1249 nam,
741 1202 781 1239 ni
795 1209 881 1240 ante
901 1201 1017 1240 solem
1032 1214 1206 1240 occasum
1223 1202 1295 1241 hoc

345 1262 545 1305 argentum
565 1254 736 1307 [eloces‚]

185 1307 320 1346 Meam
339 1308 498 1346 domum
517 1321 564 1346 ne
582 1308 744 1353 inbitas;
775 1315 817 1345 tu
836 1316 873 1346 te
890 1309 930 1346 in
948 1308 1148 1359 pistrinum
1172 1307 1293 1357 [recta

352 1360 523 1412 inferas.]

184 1416 304 1464 Epid.
333 1413 460 1503 {acne
487 1422 530 1451 tu
558 1414 667 1462 istuc,
699 1412 778 1451 sine
806 1414 973 1464 periculo
998 1420 1035 1451 et
1053 1413 1155 1461 cura,
1183 1414 1291 1453 corde

421 1479 438 1502 1·

185 1468 530 1609 Fabularelaefibvi
548 1531 617 1569 ego
631 1527 798 1557 nostros:
830 1519 926 1556 mihi
945 1519 1059 1566 dolet,
1081 1533 1197 1571 quom
1221 1535 1290 1572 ego

460 1584 495 1609 ο.

185 1627 308 1664 Strat.
339 1586 445 1672 &lid
456 1632 515 1701 om
539 1627 672 1663 nunc?
701 1625 888 1676 patieri'n’
914 1633 960 1663 ut
985 1639 1053 1677 ego
1079 1639 1140 1664 me
1161 1627 1290 1666 interi-

340 1691 445 1716 mam
458 1706 467 1714 .

463 1732 581 1781 Epid.
609 1732 673 1769 Ne
691 1732 831 1770 feceris.
1233 1735 1286 1772 45

183 1786 270 1835 Ego
287 1784 385 1822 istuc
399 1784 573 1822 accedam
584 1785 794 1835 periculum
808 1786 933 1836 potius
947 1792 1062 1836 atque
1076 1786 1287 1825 audaciam.

185 1839 310 1876 Strat.
339 1838 381 1875 N
384 1849 456 1875 unc
473 1838 622 1887 places;
647 1850 749 1875 nunc
767 1851 835 1888 ego
849 1846 886 1876 te
904 1838 1031 1876 laudo.

536 1892 655 1940 Epid.
686 1891 815 1928 Patiar
832 1905 902 1942 ego
919 1892 1029 1939 istuc,
1049 1892 1152 1943 quod
1169 1893 1288 1932 lubet.

185 1946 308 1983 Strat.
338 1943 444 1991 Quid
462 1943 509 1982 de
525 1944 593 1982 ina
611 1943 674 1982 fiet
691 1944 842 1982 fidicina
857 1945 1000 1995 igitur?

722 1999 841 2047 Epid.
869 1998 1018 2048 Aliqua
1035 1999 1283 2050 reperibitur:

183 2050 332 2101 Aliqua
349 2063 420 2101 ope
438 2051 630 2089 exsolvam
646 2066 658 2099 ;
686 2050 895 2089 extricabor
913 2051 1053 2102 aliqua.

767 2105 890 2142 Strat.
921 2104 1065 2143 Plenus
1083 2105 1215 2143 consili
1235 2118 1287 2143 es.
