1435 2400
242 61 318 100 182
548 57 890 98 MERCATOR.
918 58 971 97 V.
996 59 1034 96 2.

239 148 482 257 ΕαιῘΜειὶει·
498 166 594 204 irata
613 174 668 204 est
684 165 783 217 patri
799 163 1052 212 vehementer,
1071 163 1163 214 quia
1179 167 1344 201 scortum

394 219 425 257 si
453 219 467 256 i
1287 217 1339 252 82

240 273 305 313 Ob
323 273 450 311 oculos
466 271 666 311 adduxerit
683 272 722 308 in
743 270 866 317 aedeis,
883 270 976 308 dum
994 269 1072 308 ruri
1089 269 1171 320 ipsa
1188 270 1316 307 abest:

240 327 460 377 Suspicatur
477 326 581 364 illam
603 325 764 364 amicam
783 337 860 362 esse
877 324 947 362 illi.

878 378 997 416 Cha-r.
1028 376 1173 414 Zonam
1196 374 1350 414 sustuli.

244 436 339 472 Eut.
369 432 469 470 Eam
488 445 565 470 rem
586 444 686 470 nunc
706 430 870 481 exquirit
887 430 1000 467 intus.

250 526 252 529 ,
550 485 664 523 Char.
695 485 723 523 J
727 497 788 521 am
807 483 993 521 machaera
1007 483 1056 519 ‘st
1073 482 1113 519 in
1131 493 1262 520 manu.
1292 481 1343 517 85

245 542 340 577 Eut.
370 538 490 586 Nam,
511 537 541 576 si
560 550 602 576 eo
622 546 658 575 te
676 550 777 575 nunc
795 536 1088 589 introducam50
1111 562 1122 573 .
1144 563 1153 573 .

523 592 640 630 Char.
672 590 786 628 Tollo
805 590 1030 639 ampullam3
1050 595 1164 639 atque
1182 587 1271 625 hinc
1289 598 1346 624 eo.

247 648 345 684 Eut.
374 644 508 692 Mane,
530 656 655 690 mane,
677 643 867 682 Charine!

532 698 649 736 Char.
677 698 816 734 Erras:
847 708 909 732 me
926 694 1095 746 decipere
1112 693 1216 732 haud
1234 699 1350 744 potes.

247 755 342 791 Eut.
374 751 511 801 Neque
532 749 700 800 (edepol)
721 749 820 787 volo.

478 805 596 842 Char.
624 803 730 850 Quin
749 810 791 840 tu
810 814 898 852 ergo
915 801 1025 839 itiner
1045 800 1201 851 exsequi
1218 811 1350 837 meum

591 869 655 893 me
672 856 761 893 sinis
775 857 792 892 Ρ

251 915 346 951 Eut.
374 909 465 947 Non
485 910 577 948 sino.

428 965 544 1002 Char.
571 963 658 1012 Ego
674 974 736 999 me
754 973 890 998 moror.
936 960 1016 1008 Tu,
1035 973 1163 1011 puere,
1183 959 1245 997 abi
1262 958 1351 996 hinc

549 1016 648 1053 intro
666 1027 793 1065 ocyus.

247 1073 341 1111 ‹Jam
369 1070 409 1106 in
435 1082 587 1109 currum
614 1067 784 1111 escendi;
824 1067 904 1115 jam
937 1066 1016 1105 lora
1042 1066 1083 1104 in
1111 1077 1247 1103 manus
1271 1064 1354 1113 cepi

405 1137 521 1162 meas.
1299 1118 1351 1156 90

251 1181 346 1216 Eut.
371 1179 495 1217 Sanus
515 1188 591 1214 non
611 1187 648 1212 es
665 1175 674 1211 l

437 1232 555 1270 Char.
584 1227 706 1275 Quin,
725 1227 851 1278 pedes,
871 1239 936 1264 vos
954 1225 995 1263 in
1014 1226 1243 1264 curriculum
1263 1235 1353 1261 con-

537 1293 652 1331 jicms

248 1337 298 1376 In
327 1337 498 1388 Cyprum
524 1335 627 1374 recta
643 1337 660 1373 ,⁹
690 1332 998 1385 quandoquidem
1024 1339 1131 1381 pater
1161 1330 1258 1369 mihi
1287 1342 1352 1368 ex-

409 1391 537 1428 silium
554 1395 673 1440 parat.

249 1446 345 1481 Eut.
373 1443 520 1482 Stultus
538 1454 589 1480 ὦ.
631 1440 725 1479 Noli
742 1440 838 1478 istuc
857 1437 1022 1490 (quaeso)
1043 1438 1175 1476 dicere.

799 1494 918 1531 Char.
945 1492 1102 1530 Certum
1122 1490 1277 1541 exsequi
1291 1490 1352 1537 ’st,

250 1549 420 1600 Operam
431 1556 476 1586 ut
486 1559 636 1587 sumam
649 1546 698 1584 ad
711 1545 1054 1597 pervestigandum‚
1071 1544 1138 1582 ubi
1152 1544 1200 1581 sit
1211 1544 1322 1582 illaec.

929 1600 1024 1635 Eut.
1050 1598 1158 1645 Quin
1172 1597 1276 1635 domi
1289 1597 1351 1634 ’st-

254 1657 373 1695 Char.
401 1655 442 1692 N
444 1668 520 1702 am,
541 1653 602 1691 hic
620 1652 722 1704 quod
740 1651 850 1699 dixit,
872 1651 912 1689 id
930 1651 1155 1689 mentitu’st.

654 1708 749 1743 Eut.
779 1705 880 1743 Vera
897 1704 978 1742 dixi
996 1704 1172 1756 equidem
1191 1703 1272 1741 tibi.
1301 1703 1353 1741 95

255 1763 374 1802 Char.
403 1761 433 1800 J
435 1774 498 1798 am
517 1761 689 1811 Cyprum
707 1758 806 1796 veni.

456 1816 551 1852 Eut.
580 1812 687 1859 Quin
706 1823 874 1863 sequere,
892 1818 937 1849 ut
954 1811 1061 1849 illam
1079 1810 1216 1853 videas,
1238 1820 1353 1860 quam

570 1865 724 1916 expetis.

253 1924 372 1961 Char.
402 1921 647 1959 Percontatus
666 1930 742 1955 non
760 1918 900 1956 inveni.

691 1974 787 2010 Eut.
813 1971 954 2009 Matris
969 1972 1055 2019 jam
1074 1969 1170 2008 iram
1188 1967 1351 2019 negligo.

252 2029 370 2066 Char.
400 2028 518 2065 Porro
548 2025 762 2077 proficiscor
789 2025 1003 2076 quaesitum.
1055 2024 1172 2062 Nunc
1201 2021 1352 2072 perveni

409 2080 628 2118 Chalcidem
