1435 2400
222 62 299 99 342
601 56 797 96 PERSA.
835 55 911 96 IV.
938 58 976 94 3.

227 167 356 205 Dord.
389 165 425 210 I,
453 166 466 202 i
496 163 544 202 ad
568 163 708 210 forum,
738 163 787 201 ad
823 170 1048 214 praetorem3
1079 164 1263 215 exquire;
1297 166 1348 204 si-

385 217 542 270 quidem
561 218 709 256 credere
727 217 824 255 mihi
843 229 918 255 non
940 217 1008 256 vis.
1297 219 1346 263 17

229 272 385 320 Libera,
407 272 581 322 inquam,
601 279 678 309 est:
711 270 847 322 ecquid
867 270 1004 308 audis?

566 326 664 362 Tox.
691 324 749 362 At
768 324 837 362 tibi
856 323 925 361 Dii
943 322 1180 362 benefaciant
1198 337 1344 364 omnes.

228 381 441 430 Nunquam
458 377 560 416 enim
574 378 729 429 posthac
744 378 828 427 tibi,
844 389 913 416 nec
926 384 1096 428 tuorum,
1113 378 1216 429 quod
1231 379 1344 429 nolis,

388 431 527 470 volam.

229 487 354 525 Dord.
383 485 490 530 Abi;
520 497 568 522 ne
584 485 670 533 jura
687 499 697 522 z
729 484 817 523 satis
835 484 958 522 credo.

413 539 507 576 Tus.
538 538 617 577 Ubi
636 549 739 576 nunc
758 546 825 576 tua
842 538 979 576 liberta
997 537 1047 576 ’st
1061 539 1079 576 ?

840 592 968 629 Dord.
995 589 1120 642 Apud
1138 598 1191 629 te.

994 646 1092 684 Tox.
1119 643 1265 684 Ai’n'?
1295 646 1348 685 20

233 697 354 750 Apud
373 711 436 736 me
454 705 510 736 ωε
523 700 542 736 ?

311 753 440 790 Dord.
467 751 562 798 Aio,
582 751 767 802 inquam:
798 751 902 803 apud
921 758 958 790 te
977 757 1046 800 est,
1065 751 1239 802 inquam.

466 807 563 843 Tox.
587 805 649 842 Ita
667 817 730 842 me
746 804 814 842 Dii
832 812 976 853 ament,
992 812 1050 853 ut,
1065 806 1115 844 ob
1128 805 1239 844 istam
1254 818 1350 854 rem,

235 859 328 898 Tibi
355 859 479 896 multa
506 859 606 895 bona
633 858 775 895 instant
800 871 823 896 a
848 870 936 896 me:
966 871 1058 896 nam
1081 866 1137 897 est
1163 872 1222 898 res
1244 873 1351 911 quae-

394 912 498 959 dam,
520 924 638 962 quam
657 912 895 950 occultabam

237 966 329 1004 Tibi
348 965 493 1003 dicere:
525 977 627 1002 nunc
645 977 729 1002 eam
757 966 932 1013 narrabo,
958 964 1061 1003 unde
1079 972 1122 1004 tu
1143 965 1354 1017 pergrande

395 1019 546 1057 lucrum
564 1017 693 1056 facias.

237 1073 408 1119 Faciam,
428 1080 472 1110 ut
490 1072 566 1110 mei
585 1071 816 1120 memineris,
835 1071 931 1110 dum
949 1071 1068 1111 vitam
1087 1072 1206 1112 vivas.

979 1127 1106 1164 Dord.
1135 1125 1355 1165 Benedictis

238 1180 335 1218 Tuis
354 1179 550 1218 benefacta
568 1191 677 1217 aures
695 1191 791 1217 meae
809 1178 999 1218 auxilium
1021 1180 1277 1232 expostulant.
1304 1182 1356 1217 25

246 1236 341 1272 Tox.
371 1234 506 1271 Tuum
524 1233 774 1284 promeritum
793 1233 854 1281 'st,
870 1233 1005 1272 metito
1022 1242 1067 1272 ut
1084 1233 1234 1272 faciam.
1288 1234 1356 1283 Et,

401 1294 442 1325 ut
462 1299 523 1324 me
542 1286 636 1324 scias
655 1299 733 1324 esse
750 1286 955 1336 facturum,

241 1340 421 1379 Tabellas
440 1348 525 1379 tene
542 1340 638 1385 haS3
665 1339 826 1391 pellege.

509 1394 635 1432 Dor-d.
661 1394 738 1432 Hae
757 1393 852 1444 quid
867 1393 916 1432 ad
933 1405 998 1432 me
1010 1396 1029 1433 ?

763 1449 860 1486 Tox.
890 1448 1036 1497 Immo,
1055 1447 1105 1486 ad
1122 1454 1160 1487 te
1177 1447 1356 1496 attinent,

240 1502 295 1540 Et
326 1501 396 1540 tufi.
426 1501 562 1540 refert:
593 1512 686 1538 nam
710 1514 731 1540 e
755 1501 888 1539 Persia
917 1501 967 1539 ad
998 1513 1061 1540 me
1088 1501 1214 1541 allatae
1240 1501 1356 1540 modo

399 1562 490 1593 sunt
506 1554 588 1593 istae
606 1567 630 1592 a
648 1566 735 1592 meo
752 1554 923 1593 domino.

241 1608 370 1646 Dord.
398 1607 568 1656 Quando
581 1610 599 1646 ?

461 1664 561 1700 Tooe.
588 1659 710 1699 Haud
726 1658 889 1699 dudum.

612 1714 739 1752 Dord.
767 1713 875 1761 Quid
892 1713 995 1752 istaec
1013 1722 1168 1753 narrant
1180 1716 1199 1753 Ρ

823 1768 920 1806 Tox.
949 1768 1176 1808 Percontare
1193 1781 1241 1808 ex
1258 1767 1361 1820 ipsis.

242 1820 345 1872 Ipsae
363 1819 434 1859 tibi
452 1821 674 1858 narrabunt.

457 1875 585 1911 Dord.
615 1873 719 1913 Cedo
738 1886 827 1912 sane
845 1874 956 1915 mihi.

803 1930 895 1967 Toae.
922 1930 982 1968 At
999 1929 1098 1968 clare
1114 1929 1277 1968 recitato.
1306 1930 1359 1969 30

242 1982 370 2020 Dord.
397 1979 501 2020 Tace
519 1980 615 2020 dum
633 1982 793 2034 pellego.

727 2038 822 2075 Tox.
851 2036 973 2075 Haud
990 2037 1149 2086 verbum
1165 2036 1315 2076 faciam.

247 2090 373 2128 Dord.
406 2090 434 2111 “
456 2089 629 2129 Salutem
648 2088 739 2129 dicit
759 2090 901 2130 Toxilo
922 2090 1200 2138 Timarchides,
