1435 2400
410 54 846 96 MOSTELLARIA.
876 57 910 97 1.
939 60 978 97 3.
1166 60 1247 104 275

131 159 225 200 Mea
243 162 444 213 voluptas!

316 217 465 255 Philol.
493 216 623 255 Hem.
614 217 623 243 '
653 216 752 255 istuc
769 218 928 256 verbum
946 219 1020 257 vile
1038 226 1093 257 est
1111 218 1246 270 viginti

131 322 302 362 Philam.
335 269 644 374 Cedomgffiabo)
679 323 834 362 decem·
873 325 970 363 bene
997 333 1143 364 emtum
1173 326 1242 364 tibi

287 377 376 415 dare
394 377 466 415 hoc
484 379 644 416 verbum
663 377 760 416 volo.
1168 380 1243 418 140

129 432 277 470 Philol.
303 431 436 468 Etiam
461 443 564 468 nunc
582 430 712 469 decem
731 431 847 469 minae
864 430 967 483 apud
985 438 1023 469 te
1042 439 1152 470 sunt:
1183 433 1244 471 vel

286 484 471 522 rationem
489 492 594 534 puta.

133 539 310 590 Triginta
327 537 451 575 minas
469 550 538 588 pro
555 537 678 589 capite
695 544 762 576 tuo
780 537 878 576 dedi.

706 592 876 630 Philam.
907 591 988 629 Cur
1006 593 1209 643 exprobras
1223 594 1241 630 ?

130 646 277 684 Philol.
308 645 445 695 Egone
463 643 504 681 id
522 646 761 695 exprobrem,
781 644 851 696 qui
874 645 1051 683 mihimet
1068 646 1179 697 cupio
1203 645 1244 683 id

285 697 548 749 opprobrarier
562 700 579 737 Ρ

126 752 168 793 N
171 766 211 791 ec
229 752 442 804 quidquam
460 751 608 802 argenti
624 752 745 791 locavi
758 753 843 802 jam
861 751 929 790 diu
947 764 1114 803 usquam
1133 765 1242 804 aeque

284 807 391 844 bene.

125 861 293 899 Philem.
323 859 434 897 Certe
453 871 536 910 ego,
556 858 660 910 quod
681 865 719 897 te
736 872 841 908 amn,
861 871 1017 911 operam
1042 871 1238 911 nusquam

284 913 421 951 melius
438 913 547 964 potui
564 925 715 963 ponere.
1162 914 1238 951 145

127 968 274 1006 Philol.
303 967 411 1004 Bene
428 965 545 1016 igitur
562 966 657 1004 ratio
675 966 819 1018 accepti
836 973 951 1017 atque
968 967 1126 1018 expensi
1142 967 1241 1005 inter

284 1032 353 1057 nos
370 1027 559 1057 convenit.

126 1074 192 1112 Tu
218 1086 282 1111 me
300 1085 430 1117 amas3
462 1085 531 1123 ego
550 1079 588 1110 te
605 1084 720 1111 amo:
754 1073 890 1111 merito
908 1071 949 1111 id
969 1072 1052 1111 fieri
1077 1080 1240 1124 uterque

283 1126 502 1165 existumat.

126 1182 222 1220 Haec
251 1181 320 1232 qui
350 1179 532 1231 gaudent,
562 1179 754 1230 gaudeant
780 1187 963 1231 perpetuo
992 1192 1060 1218 suo
1091 1193 1240 1231 semper

284 1236 410 1272 bono:

125 1288 207 1337 Qui
233 1287 418 1333 invident,
439 1299 487 1324 ne
505 1298 678 1337 unquam
698 1299 829 1325 eorum
847 1286 1053 1339 quisquam
1073 1286 1241 1326 invideat

280 1353 433 1392 prorsus
452 1352 576 1377 comm
631 1340 639 1347 ‘
661 1367 672 1376 .

125 1397 295 1435 Philem.
323 1394 425 1445 Age,
447 1394 627 1431 accumbe
645 1393 775 1444 igitur.
831 1392 936 1431 Cedo
954 1406 1095 1444 aquam
1113 1394 1238 1432 mani-

282 1450 378 1486 bus:
409 1459 518 1497 puer,
538 1458 686 1498 appone
704 1446 768 1484 hic
785 1447 1013 1485 mensulam.
1161 1449 1238 1487 150

125 1502 241 1550 Vide,
261 1502 331 1540 tali
349 1501 416 1539 ubi
435 1501 520 1538 sint.
576 1500 642 1538 Vi’
645 1501 685 1537 n'
704 1500 932 1550 unguenta?

348 1555 495 1593 Philol.
523 1553 633 1601 Quid
651 1566 727 1605 opu
729 1554 799 1592 ’.εἴ
790 1556 807 1578 ⁹
836 1566 925 1591 cum
944 1551 1061 1592 stacta
1079 1556 1234 1593 accubo.

123 1610 199 1650 Sed
227 1616 330 1648 estne
359 1607 422 1646 hic
453 1620 562 1645 meus
592 1607 744 1656 sodalis,
777 1607 845 1659 qui
873 1607 950 1645 huc
980 1607 1120 1645 incedit
1147 1621 1236 1646 cum

282 1661 405 1700 amica
423 1661 524 1699 sua?

123 1717 164 1755 Is
195 1723 262 1754 est.
319 1714 604 1762 Callidamates,
631 1727 721 1753 cum
745 1713 884 1763 amica,
909 1727 1054 1762 eccum,
1083 1714 1236 1755 incedit.

281 1769 407 1820 Euge,
428 1769 560 1806 oculus
578 1780 686 1806 meus
702 1769 712 1806 1

125 1821 366 1863 Conveniunt
391 1821 646 1872 maniplares;
672 1822 801 1862 eccos!
831 1821 1002 1874 praedam
1031 1821 1234 1874 participes

279 1881 426 1927 petunt.

1273 1757 1282 1778 Ι
