1435 2400
370 87 803 128 MOSTELLARIA.
833 88 913 127 ΙΙΙ.
946 90 985 127 2.
1144 91 1222 129 293

115 199 235 236 Tran.
265 196 344 234 Res
362 204 493 247 parata
511 203 567 235 est
584 197 686 234 mala
705 197 744 233 in
764 208 960 247 vesperum
979 196 1068 235 huic
1086 197 1178 235 seni.

106 251 214 289 Nam
233 257 271 287 et
288 249 512 288 coenandum
531 256 569 288 et
587 249 805 288 cubandum
824 257 878 287 est
896 249 998 287 intus
1015 251 1127 289 male.

103 305 204 342 Sim.
232 303 322 350 Quo
339 303 463 353 magis
482 303 605 354 cogito
623 316 694 353 ego
713 314 800 341 cum
818 315 904 340 meo
922 303 1062 353 animo,
1164 304 1212 342 13

103 357 146 395 Si
164 357 250 408 quis
268 356 436 394 dotatam
454 369 615 395 uxorem
632 356 761 404 habet,

103 410 312 448 Neminem
332 409 506 447 sollicitat
524 423 658 461 sopor:

102 463 167 501 Ire
185 463 393 502 dormitum
411 463 497 501 odio
516 472 582 502 est.
644 464 762 502 Nunc
782 476 869 502 vero
888 464 986 502 mihi
1167 463 1215 501 16

106 516 281 568 Exsequi
300 525 398 554 certa
415 530 473 554 res
490 524 557 565 est,
577 524 622 555 ut
639 519 772 555 abeam

105 570 240 608 Potius
257 570 346 608 hinc
363 569 411 607 ad
430 570 570 618 forum,
591 583 708 622 quam
727 570 831 608 domi
850 574 998 610 cubem.

101 623 237 675 Atque
257 623 364 674 (pol)
385 623 523 671 nescio,
541 632 586 662 ut
603 624 772 662 moribus
790 624 886 663 sient

103 677 279 715 Vostrae:
309 677 404 724 haec,
424 684 481 714 sat
499 677 589 727 seio,
609 690 727 728 quam
744 689 807 716 me
824 678 963 716 habeat
978 675 1104 722 male3
1161 677 1213 714 20

103 730 297 781 Pejusque
313 730 469 781 posthac
487 730 581 778 fore,
602 743 719 781 quam
738 731 812 769 fuit
829 732 938 769 mihi.

108 785 232 822 Tran.
260 783 302 822 Si
320 784 445 822 abitus
463 791 552 822 tuus
569 784 654 830 tibi,
674 796 802 832 senex,
821 785 948 823 fecerit
964 784 1080 832 male,

100 837 214 875 Nihil
232 837 312 882 erit,
330 837 435 888 quod
453 837 626 876 Deorum
645 837 770 875 ullum
788 838 990 877 aceusitae:

103 890 163 928 Te
181 891 261 942 ipse
276 892 362 940 jure
376 899 534 942 optumo
552 891 687 929 merito
705 891 850 930 incuses
866 892 967 930 licet.

102 944 276 994 Tempus
294 956 397 982 nunc
415 952 468 982 est
488 957 615 983 senem
633 944 737 983 hunc
755 945 898 996 alloqui
915 945 1023 983 mihi,
1158 945 1209 981 25

100 997 189 1036 Hoc
206 997 344 1035 habet:
375 998 510 1048 reperi,
531 999 600 1049 qui
620 1009 747 1035 senem
767 998 941 1036 ducerem
957 1012 968 1035 :

100 1050 191 1098 Quo
210 1051 298 1088 dolo
316 1064 339 1088 a
356 1063 420 1087 me
437 1050 606 1088 dolorem
623 1051 757 1101 procul
773 1051 968 1101 pellerem.

99 1103 307 1142 Accedam.
362 1103 432 1140 Dii
449 1111 486 1140 te
504 1112 633 1142 ament
651 1104 876 1154 plurimum,
897 1104 1014 1142 Simo.

101 1159 201 1196 Sim.
230 1157 368 1196 Salvus
387 1157 450 1204 sis⁷
472 1157 628 1194 Tranio.

533 1212 653 1248 Tran.
683 1211 740 1249 Ut
757 1210 858 1249 valae
868 1210 887 1247 ’ἓ

832 1265 931 1302 Sim.
959 1264 1051 1302 Non
1069 1263 1182 1301 male.

102 1317 208 1366 Quid
227 1317 308 1368 agis
321 1320 339 1355 Ρ

212 1372 333 1408 Τναπ.
365 1371 578 1409 Hominem
595 1379 799 1423 optumum
817 1377 938 1409 teneo.

738 1426 837 1464 δὶηι.
869 1423 1009 1463 Amice
1025 1423 1132 1471 facis,
1161 1424 1214 1462 30

99 1477 231 1526 Quom
248 1490 312 1516 me
329 1477 476 1516 laudas.

373 1533 494 1569 Tran.
522 1531 643 1570 Decet
661 1540 770 1571 certe.

702 1587 801 1624 Sim.
829 1585 985 1632 Hercle,
1004 1591 1044 1622 at
1062 1591 1099 1623 te
1117 1595 1187 1634 ego

100 1637 221 1676 Haud
237 1639 385 1678 bonum
403 1645 512 1677 teneo
532 1651 697 1677 servum.

602 1694 724 1731 Trun.
753 1691 862 1740 Quid
879 1691 932 1730 ita
949 1704 1052 1742 vero,
1073 1689 1180 1732 Simo
1193 1691 1212 1728 ἓ

100 1746 202 1784 Sim.
232 1743 339 1788 Quid
356 1744 487 1785 nunc?
515 1758 632 1796 quam
651 1758 742 1784 mox
754 1745 772 1782 ’ἓ

477 1800 599 1836 Τ-ναη.
627 1799 736 1847 Quid
755 1799 838 1837 est?

740 1855 840 1892 Sim.
869 1851 987 1900 Quod
1006 1851 1101 1890 solet
1118 1850 1211 1889 fieri.

105 1907 225 1943 Tran.
257 1905 333 1944 Dic
350 1905 480 1957 igitur,
500 1905 604 1958 quod
621 1906 714 1944 solet
732 1906 827 1953 fieri,
846 1905 940 1958 quid
957 1905 998 1943 id
1016 1913 1072 1944 aet
1087 1907 1105 1943 ἓ

100 1961 203 1998 Sim..
233 1959 351 2007 Quod
382 1959 504 1997 facitis
534 1971 613 1998 vos.
665 1959 756 2010 Sed,
794 1967 839 1998 ut
869 1971 1017 2008 verum,
1052 1956 1210 2047 Τι-αωέἐ

258 2013 407 2064 loquar,

99 2065 163 2104 Sic
180 2065 297 2105 decet.
358 2066 414 2105 Ut
430 2065 603 2104 hominae
622 2074 726 2115 sunt,
745 2067 800 2105 ita
816 2078 962 2105 morem
979 2077 1099 2117 geras·

96 2119 192 2158 Vita
209 2132 328 2172 quam
346 2120 395 2158 sit
413 2119 552 2166 brevis»,
571 2119 687 2158 simul
704 2120 839 2171 cogita.

104 2174 223 2212 Trou.
253 2173 361 2222 Quid
375 2173 393 2210 Ξ*
422 2173 531 2212 ehem
547 2172 558 2210 !
589 2173 654 2211 vix
673 2173 827 2212 tandem

879 2226 905 2261 ‘2
926 2236 949 2262 c
970 2225 997 2262 3
