1435 2400
311 44 491 85 MILES
520 44 853 85 GLORIOSUS.
883 45 942 83 ΙΙ.
971 47 1009 82 5.
1136 46 1219 84 209

108 151 210 199 Quae
226 163 290 189 me
307 151 347 189 in
365 152 457 191 locis
476 152 685 202 Neptuniis
703 151 931 202 templisque
949 152 1179 190 turbulentis

106 205 290 251 Servavit,
311 206 417 243 saevis
435 205 613 244 fluctibus
631 206 698 243 ubi
717 218 804 242 sum
821 205 1000 243 afflictata
1017 206 1200 244 multum.

107 259 208 296 Scel.
241 259 461 297 Palaestrio!
494 259 532 298 O
553 259 747 296 Palaestrio
763 259 772 295 Ξ

93 310 98 314 ’
358 314 449 350 Pal.
477 312 515 351 O
534 313 719 358 Sceledre,
740 311 937 351 Sceledre!
969 311 1062 362 quid
1080 312 1164 350 vis?
1193 314 1218 349 5

107 365 205 403 Scel.
236 365 334 403 Haec
351 367 505 414 muh'er,
521 379 608 418 quae
625 366 715 404 hinc
733 367 814 404 exit
832 365 960 413 mod0,
976 374 1078 403 oetne
1095 365 1223 404 herilis

269 420 479 458 concubina

114 471 437 511 Philocomasium
450 476 468 512 ,9
496 485 545 511 an
564 485 641 511 non
660 481 715 510 est
731 485 775 510 ea
788 474 806 510 ?

539 528 624 566 Pal.
655 526 809 573 Hercle,
829 526 976 577 opinor,
997 538 1041 563 α,
1057 524 1218 563 videtur.

107 578 185 618 Sed
202 579 348 617 facinus
371 581 515 619 mirum
535 581 598 628 'st‚
618 579 810 632 quomodo
826 580 908 618 haec
925 579 1016 618 hinc
1032 591 1135 617 nunc
1152 591 1222 630 po-

267 635 381 673 tuerit
398 634 570 683 transire,

104 685 304 738 Siquidem
324 700 368 725 ω
383 689 444 726 'st.

215 741 313 779 Scel.
345 743 415 780 An
433 741 597 780 dubium
615 740 685 779 tibi
704 741 753 779 'st
772 753 856 779 ωτι]
875 753 954 778 esse
971 740 1070 778 hanc
1084 741 1102 778 ?

862 795 954 832 Pal.
982 795 1044 832 Ea
1062 792 1221 832 videtur.

109 848 324 895 Adeamus,
343 847 593 899 appellemus.

75 937 78 939 Α
187 904 283 940 Scel.
316 901 449 940 Heus!
481 902 576 952 quid
591 901 688 940 istuc
709 909 779 948 est,
798 899 1152 940 Philocomasium?
1174 900 1223 938 10

106 955 215 1004 Quid
239 955 309 994 tibi
337 955 422 992 istic
449 955 551 994 hisce
578 955 620 993 in
637 955 782 994 aedibus
799 955 987 994 debetur?
1017 954 1111 1006 quid
1129 966 1224 1004 neg-

267 1010 321 1046 oti
342 1009 389 1046 'st
402 1010 420 1046 Ρ

107 1061 216 1110 Quid
234 1073 338 1100 nunc
355 1063 484 1099 taces?
513 1069 638 1100 tecum
656 1062 805 1113 loquor.

512 1117 600 1153 Pac.
629 1115 759 1153 Immo
779 1113 949 1167 (edepol)
968 1122 1051 1153 tute
1069 1121 1219 1152 tecum:

106 1169 214 1207 Nam
232 1167 314 1206 haec
332 1167 428 1206 nihil
445 1169 659 1218 respondet.

374 1224 471 1261 Scel.
505 1222 564 1260 Te
582 1222 767 1274 alloquor,
787 1222 857 1261 viti
875 1221 1079 1274 probrique
1093 1221 1223 1273 plena,

107 1274 209 1324 Quae
227 1275 370 1314 circum
389 1275 530 1314 vicinos
549 1289 644 1327 vaga
664 1290 713 1314 es.

627 1331 737 1367 Phil.
767 1329 941 1377 Quicum
958 1337 1000 1367 tu
1018 1328 1190 1368 fabulare
1202 1330 1220 1366 ,9

106 1384 205 1422 Scel.
232 1382 419 1430 Quicum,
438 1383 512 1421 nisi
530 1390 656 1421 tecum
671 1386 689 1421 ?

348 1439 458 1475 Phil.
487 1436 587 1484 Quis
606 1445 648 1474 tu
666 1437 783 1475 homo
802 1450 854 1486 es,
875 1444 942 1475 aut
957 1448 1110 1475 mecum
1128 1434 1223 1487 quid

457 1493 586 1541 negoti
607 1491 687 1529 ’st.
669 1493 687 1516 9
1174 1490 1221 1526 15

107 1545 206 1583 Soet.
239 1543 350 1582 Men’
369 1557 492 1596 rogaS,
512 1544 616 1590 hem
637 1544 704 1595 qui
723 1544 819 1583 sim.
810 1546 828 1570 9

295 1599 402 1636 Phil.
431 1597 551 1658 Quin·
558 1610 627 1658 ego
644 1598 716 1636 hoc
734 1611 879 1648 rogem,
900 1596 1003 1649 quod
1021 1597 1211 1636 nesciam
1200 1599 1218 1622 9

108 1652 199 1688 Pal.
230 1650 329 1695 Quis
347 1665 417 1704 ego
436 1664 523 1691 sum
540 1651 673 1701 igitur,
694 1652 727 1689 si
744 1659 787 1689 tu
805 1651 936 1689 hunc
925 1653 1110 1702 ignoras?

525 1705 635 1742 Phil.
665 1704 770 1743 Mihi
787 1705 952 1754 odiosus,
972 1704 1146 1757 quisquis
1164 1716 1218 1753 ὦ,

107 1757 162 1795 Et
180 1764 238 1804 tu,
258 1765 296 1795 et
311 1758 386 1797 hic.

216 1812 313 1849 Scel.
338 1812 423 1850 Nos
440 1823 517 1850 non
537 1811 675 1850 novisti
687 1814 705 1850 ,9

535 1866 643 1903 Phil.
674 1865 882 1904 Neutrum.

615 1964 617 1967 ¹
746 1921 842 1969 Scee.
872 1918 1013 1970 Metuo
1028 1930 1223 1957 maxume.

113 1972 206 2014 Paa
237 1970 346 2019 Quid
363 1972 534 2010 metuis?
606 1962 671 2009 2¹2
831 1972 834 1973 ⁷
870 1990 903 2004 f

449 2026 546 2064 Scel.
575 2025 696 2064 Enim
713 2038 762 2064 ne
779 2033 929 2065 nosmet
947 2024 1223 2076 perdiderimus

634 2092 723 2118 iam.

111 2131 218 2170 Nam
235 2143 359 2185 neque
378 2139 414 2171 te
431 2090 637 2183 nequeutisixe
654 2132 801 2172 noviaee
817 2132 872 2171 ait
889 2133 982 2171 haec.

936 2194 965 2221 'r
986 2186 1011 2222 3
