1435 2400
172 75 221 109 54
506 69 785 111 EPIDICUS.
812 70 872 109 ΙΙ.
900 72 938 109 2.

173 180 200 199 “
222 176 330 224 Quin
354 175 465 214 hodie
490 177 615 215 allatae
638 185 725 215 sunt
753 177 901 216 tabellae
925 178 974 216 ad
1003 189 1086 215 aem
1115 191 1138 216 a
1165 179 1271 218 Stra-

326 229 501 281 tippocle,
521 242 609 267 eum
1219 234 1271 270 66

169 282 387 332 Argentum
405 283 581 320 sumsisse
595 282 697 333 apud
713 283 866 321 Thebas
884 285 933 322 ab
946 283 1094 322 danista
1107 283 1271 323 foenore:

172 335 221 373 Id
238 342 427 386 paratum,
448 343 485 374 et
503 349 581 374 sese
599 337 647 373 ob
666 348 748 373 eam
769 348 848 373 rem
867 336 906 373 id
926 336 1061 374 ferre.’'

670 388 826 438 Peripa.
859 387 1020 440 [Cedo,]
1040 402 1109 440 ego
1127 390 1269 428 occidi!

171 442 288 491 Epid.
320 440 416 479 Haec
439 442 541 479 aibat
569 442 621 480 sic
644 441 830 479 audivisse
858 454 896 480 se
920 443 969 480 ab
995 443 1054 491 ea,
1084 450 1197 493 atque
1225 445 1273 482 ab

336 508 355 532 e
383 495 503 533 istola.

171 547 328 598 Peripk.
357 508 464 595 PQuid
483 561 551 598 ego
569 547 706 585 faciam
731 547 861 585 nunc?
888 547 1088 585 consilium
1113 561 1135 586 a
1153 554 1190 586 te
1208 561 1273 586 ex-

327 608 486 651 petesso,
506 601 719 650 Apoecides.
1221 601 1273 645 70

170 655 299 704 Apoec.
329 654 578 704 Reperiamus
607 653 752 704 aliquid
778 653 890 691 calidi
917 653 1160 692 conducibilis
1186 666 1274 692 con-

330 706 417 744 sili:

171 760 276 798 Nam
300 760 364 797 ille
384 759 537 810 quidem
557 767 623 797 aut
646 761 727 808 jam
751 759 815 797 hic
833 759 950 798 aderit
970 758 1115 811 (credo)
1134 760 1271 808 hercle,

330 820 395 850 aut
408 814 490 861 jam
508 813 624 851 adest.

644 866 763 915 Epid.
793 865 834 903 Si
853 878 1007 916 aequum
1026 866 1096 904 siet

170 918 240 956 Me
267 919 353 969 plus
380 931 509 969 sapere
527 931 643 969 quam
662 931 737 962 vos,
760 917 926 956 dederim
945 918 1050 956 vobis
1073 919 1270 958 consilium

329 979 469 1017 catum,

170 1023 287 1071 Quod
304 1025 477 1072 laudetis,
497 1032 541 1062 ut
559 1037 629 1075 ego
647 1024 793 1074 opinor,
813 1032 983 1076 uterque.

604 1077 761 1126 Periplz.
789 1078 894 1128 Ergo
912 1078 979 1115 ubi
997 1084 1065 1126 est,
1084 1078 1272 1129 Epidice?

171 1132 289 1181 Epid.
319 1132 452 1181 Atque
470 1130 518 1167 ad
536 1142 619 1168 eam
637 1143 717 1167 rem
736 1130 980 1168 conducibile.

480 1184 613 1233 Apaee.
639 1183 744 1230 Quid
763 1183 859 1221 istuc
876 1184 1027 1221 dubitas
1045 1183 1193 1221 dicere?
1221 1185 1272 1228 75

172 1239 292 1287 Epid.
322 1237 403 1275 Vos
421 1236 561 1286 priores
576 1248 655 1274 esse
672 1244 830 1287 oportet,
852 1249 920 1275 nos
937 1237 1120 1288 posterius
1137 1237 1271 1285 dicere,

172 1290 254 1338 Qui
272 1291 362 1341 plus
381 1289 522 1340 sapitis.

383 1344 421 1379 A
417 1355 515 1391 paec.
542 1342 618 1380 Eia
635 1354 735 1390 vero,
756 1355 838 1392 age,
858 1342 930 1380 dic.

826 1397 946 1444 Epid.
971 1394 1029 1433 At
1046 1394 1271 1435 deridebitis.

170 1452 208 1488 A
205 1463 302 1500 poec.
331 1450 423 1487 Non
442 1448 606 1499 (edepol)
624 1448 816 1486 faciemus.

606 1503 725 1550 Epid.
752 1501 894 1548 Immo,
914 1501 945 1538 si
962 1501 1137 1552 placebit,
1157 1502 1272 1541 utitor

171 1556 383 1595 Consilium
399 1569 410 1592 ε
440 1554 471 1592 si
489 1566 565 1592 non
582 1554 759 1605 placebit,
777 1554 974 1603 reperitote
989 1554 1136 1591 rectius.

171 1609 276 1648 Mihi
302 1608 386 1647 istic
403 1620 472 1645 nec
489 1607 636 1655 seritur,
664 1618 732 1645 nec
749 1606 929 1652 metitur;
960 1606 1031 1644 nisi
1050 1619 1106 1655 αι,
1126 1621 1211 1659 quae
1229 1616 1272 1646 tu

331 1661 403 1707 vis,
422 1660 520 1699 volo.
1221 1663 1272 1699 80

171 1717 334 1766 Periph.
355 1714 538 1775 ‚Gratiam
555 1713 699 1751 habeo:
729 1712 788 1751 fac
805 1713 1002 1765 participes
1028 1725 1096 1751 nos
1114 1719 1190 1752 tuae
1212 1728 1274 1753 sa-

170 1821 290 1871 Epz'd.
320 1775 510 1881 (Ῑέὲᾟιὲῃῒο
525 1819 723 1858 arbitretur
736 1832 833 1858 uxor
847 1827 913 1858 tuo
929 1826 1044 1871 gnato
1060 1833 1071 1857 ε
1100 1826 1214 1870 atque
1230 1826 1275 1858 ut

171 1927 300 1971 Elam,
323 1873 595 1987 ξὲἑῖιιιῃῖἓῃνοὴ
621 1925 792 1975 liberare,
820 1939 907 1978 quae
932 1926 1044 1964 illum
1071 1924 1277 1975 corrumpit

174 1981 531 2084 meiscarzkil’atque
557 2033 611 2071 ita
635 2040 799 2081 curetur,
825 2046 946 2085 usque
971 2033 1020 2071 ad
1048 2038 1207 2070 mortem
1234 2037 1278 2069 ut

333 2086 480 2124 serviat.

183 2139 316 2190 Apoec.
351 2139 451 2178 Fieri
469 2147 626 2191 oportet.
