<?xml version="1.0" encoding="UTF-8"?>
<!DOCTYPE html PUBLIC "-//W3C//DTD XHTML 1.0 Transitional//EN"
    "http://www.w3.org/TR/xhtml1/DTD/xhtml1-transitional.dtd">
<html xmlns="http://www.w3.org/1999/xhtml" xml:lang="en" lang="en">
 <head>
  <title>
</title>
<meta http-equiv="Content-Type" content="text/html;charset=utf-8" />
  <meta name='ocr-system' content='tesseract 3.04.00' />
  <meta name='ocr-capabilities' content='ocr_page ocr_carea ocr_par ocr_line ocrx_word'/>
</head>
<body>
  <div class='ocr_page' id='page_1' title='image "./comoediaesupers02plauuoft_0298.png"; bbox 0 0 1435 2400; ppageno 0'>
   <div class='ocr_carea' id='block_1_1' title="bbox 230 104 1099 148">
    <p class='ocr_par' dir='ltr' id='par_1_1' title="bbox 230 104 1099 148">
     <span class='ocr_line' id='line_1_1' title="bbox 230 104 1099 148; baseline -0.008 0"><span class='ocrx_word' id='word_1_1' title='bbox 230 110 309 148; x_wconf 83' lang='lat'>290</span> <span class='ocrx_word' id='word_1_2' title='bbox 487 105 922 146; x_wconf 79' lang='lat' dir='ltr'><strong>MOSTELLARIA.</strong></span> <span class='ocrx_word' id='word_1_3' title='bbox 951 104 1031 143; x_wconf 91' lang='grc' dir='ltr'><strong>ΙΙΙ.</strong></span> <span class='ocrx_word' id='word_1_4' title='bbox 1065 105 1099 141; x_wconf 92' lang='lat' dir='ltr'>l.</span> 
     </span>
    </p>
   </div>
   <div class='ocr_carea' id='block_1_2' title="bbox 230 208 1338 742">
    <p class='ocr_par' dir='ltr' id='par_1_2' title="bbox 230 208 1338 742">
     <span class='ocr_line' id='line_1_2' title="bbox 230 208 1337 263; baseline -0.006 -10"><span class='ocrx_word' id='word_1_5' title='bbox 230 214 343 255; x_wconf 87' lang='lat' dir='ltr'>Adeo</span> <span class='ocrx_word' id='word_1_6' title='bbox 360 213 473 252; x_wconf 84' lang='lat' dir='ltr'>etiam</span> <span class='ocrx_word' id='word_1_7' title='bbox 492 212 637 263; x_wconf 85' lang='lat' dir='ltr'>argenti</span> <span class='ocrx_word' id='word_1_8' title='bbox 655 211 776 249; x_wconf 89' lang='lat' dir='ltr'>foenus</span> <span class='ocrx_word' id='word_1_9' title='bbox 794 211 976 249; x_wconf 86' lang='lat' dir='ltr'>creditum</span> <span class='ocrx_word' id='word_1_10' title='bbox 995 210 1120 248; x_wconf 86' lang='lat' dir='ltr'>audio.</span> <span class='ocrx_word' id='word_1_11' title='bbox 1284 208 1337 247; x_wconf 84' lang='lat'>98</span> 
     </span>
     <span class='ocr_line' id='line_1_3' title="bbox 238 263 1257 316; baseline -0.006 -10"><span class='ocrx_word' id='word_1_12' title='bbox 238 270 359 307; x_wconf 82' lang='lat' dir='ltr'>Tran.</span> <span class='ocrx_word' id='word_1_13' title='bbox 392 267 566 310; x_wconf 81' lang='lat' dir='ltr'>Quatuor</span> <span class='ocrx_word' id='word_1_14' title='bbox 585 264 835 316; x_wconf 79' lang='lat' dir='ltr'>quadraginta</span> <span class='ocrx_word' id='word_1_15' title='bbox 853 265 912 302; x_wconf 92' lang='lat' dir='ltr'>illi</span> <span class='ocrx_word' id='word_1_16' title='bbox 930 264 1114 302; x_wconf 87' lang='lat' dir='ltr'>debentur</span> <span class='ocrx_word' id='word_1_17' title='bbox 1131 263 1257 301; x_wconf 83' lang='lat' dir='ltr'>minae.</span> 
     </span>
     <span class='ocr_line' id='line_1_4' title="bbox 231 319 768 367; baseline -0.009 -8"><span class='ocrx_word' id='word_1_18' title='bbox 231 321 307 359; x_wconf 91' lang='lat' dir='ltr'>Dic</span> <span class='ocrx_word' id='word_1_19' title='bbox 322 328 358 359; x_wconf 92' lang='lat' dir='ltr'>te</span> <span class='ocrx_word' id='word_1_20' title='bbox 375 320 568 367; x_wconf 82' lang='lat' dir='ltr'>daturum,</span> <span class='ocrx_word' id='word_1_21' title='bbox 587 325 631 356; x_wconf 90' lang='lat' dir='ltr'>ut</span> <span class='ocrx_word' id='word_1_22' title='bbox 649 319 768 355; x_wconf 85' lang='lat' dir='ltr'>abeat.</span> 
     </span>
     <span class='ocr_line' id='line_1_5' title="bbox 651 368 1336 421; baseline -0.006 -12"><span class='ocrx_word' id='word_1_23' title='bbox 651 372 793 409; x_wconf 73' lang='lat' dir='ltr'>Theur.</span> <span class='ocrx_word' id='word_1_24' title='bbox 821 370 946 421; x_wconf 88' lang='lat' dir='ltr'>Egon&#39;</span> <span class='ocrx_word' id='word_1_25' title='bbox 967 371 1091 409; x_wconf 83' lang='lat' dir='ltr'>dicam</span> <span class='ocrx_word' id='word_1_26' title='bbox 1109 369 1228 407; x_wconf 84' lang='lat' dir='ltr'>dare?</span> <span class='ocrx_word' id='word_1_27' title='bbox 1262 368 1336 406; x_wconf 87' lang='lat'>100</span> 
     </span>
     <span class='ocr_line' id='line_1_6' title="bbox 241 426 475 466; baseline -0.013 0"><span class='ocrx_word' id='word_1_28' title='bbox 241 429 359 466; x_wconf 82' lang='lat' dir='ltr'>Tran.</span> <span class='ocrx_word' id='word_1_29' title='bbox 388 426 475 464; x_wconf 88' lang='lat' dir='ltr'>Dic.</span> 
     </span>
     <span class='ocr_line' id='line_1_7' title="bbox 347 479 680 530; baseline -0.006 -12"><span class='ocrx_word' id='word_1_30' title='bbox 347 481 489 518; x_wconf 79' lang='lat' dir='ltr'>Tlaeur.</span> <span class='ocrx_word' id='word_1_31' title='bbox 515 479 680 530; x_wconf 81' lang='lat' dir='ltr'>Egone?</span> 
     </span>
     <span class='ocr_line' id='line_1_8' title="bbox 441 527 1338 581; baseline -0.006 -12"><span class='ocrx_word' id='word_1_32' title='bbox 441 534 562 571; x_wconf 83' lang='lat' dir='ltr'>Tran.</span> <span class='ocrx_word' id='word_1_33' title='bbox 591 532 655 569; x_wconf 93' lang='lat' dir='ltr'>Tu</span> <span class='ocrx_word' id='word_1_34' title='bbox 673 531 777 581; x_wconf 90' lang='lat' dir='ltr'>ipsus</span> <span class='ocrx_word' id='word_1_35' title='bbox 796 530 856 568; x_wconf 89' lang='lat' dir='ltr'>dic</span> <span class='ocrx_word' id='word_1_36' title='bbox 869 530 982 568; x_wconf 91' lang='lat' dir='ltr'>modo</span> <span class='ocrx_word' id='word_1_37' title='bbox 998 543 1010 575; x_wconf 85' lang='lat'><strong>;</strong></span> <span class='ocrx_word' id='word_1_38' title='bbox 1041 529 1211 567; x_wconf 84' lang='lat' dir='ltr'>ausculta</span> <span class='ocrx_word' id='word_1_39' title='bbox 1228 527 1338 565; x_wconf 85' lang='lat' dir='ltr'>mihi.</span> 
     </span>
     <span class='ocr_line' id='line_1_9' title="bbox 232 585 1001 636; baseline -0.005 -10"><span class='ocrx_word' id='word_1_40' title='bbox 232 586 439 626; x_wconf 85' lang='lat' dir='ltr'><strong>Promitte:</strong></span> <span class='ocrx_word' id='word_1_41' title='bbox 470 598 553 635; x_wconf 84' lang='lat' dir='ltr'>age,</span> <span class='ocrx_word' id='word_1_42' title='bbox 573 585 754 636; x_wconf 87' lang='lat' dir='ltr'>inquam:</span> <span class='ocrx_word' id='word_1_43' title='bbox 786 597 854 634; x_wconf 88' lang='lat' dir='ltr'>ego</span> <span class='ocrx_word' id='word_1_44' title='bbox 870 585 1001 632; x_wconf 90' lang='lat' dir='ltr'>jubeo.</span> 
     </span>
     <span class='ocr_line' id='line_1_10' title="bbox 833 633 1337 687; baseline -0.006 -13"><span class='ocrx_word' id='word_1_45' title='bbox 833 639 975 675; x_wconf 80' lang='lat' dir='ltr'>Theur.</span> <span class='ocrx_word' id='word_1_46' title='bbox 1004 635 1207 687; x_wconf 86' lang='lat' dir='ltr'>Responde</span> <span class='ocrx_word' id='word_1_47' title='bbox 1224 633 1337 681; x_wconf 86' lang='lat' dir='ltr'>mihi,</span> 
     </span>
     <span class='ocr_line' id='line_1_11' title="bbox 235 690 833 742; baseline -0.008 -10"><span class='ocrx_word' id='word_1_48' title='bbox 235 692 341 739; x_wconf 79' lang='lat' dir='ltr'>Quid</span> <span class='ocrx_word' id='word_1_49' title='bbox 359 705 402 731; x_wconf 80' lang='lat' dir='ltr'>eo</span> <span class='ocrx_word' id='word_1_50' title='bbox 419 690 466 730; x_wconf 89' lang='lat' dir='ltr'>’st</span> <span class='ocrx_word' id='word_1_51' title='bbox 485 699 639 742; x_wconf 85' lang='lat' dir='ltr'>argento</span> <span class='ocrx_word' id='word_1_52' title='bbox 657 691 800 729; x_wconf 87' lang='lat' dir='ltr'>factum</span> <span class='ocrx_word' id='word_1_53' title='bbox 816 692 833 728; x_wconf 69' lang='grc' dir='ltr'><strong><em>ἓ</em></strong></span> 
     </span>
    </p>
   </div>
   <div class='ocr_carea' id='block_1_3' title="bbox 718 743 1342 833">
    <p class='ocr_par' dir='ltr' id='par_1_3' title="bbox 718 743 1342 833">
     <span class='ocr_line' id='line_1_12' title="bbox 718 743 1102 782; baseline -0.005 0"><span class='ocrx_word' id='word_1_54' title='bbox 718 746 839 782; x_wconf 82' lang='grc' dir='ltr'><em>Τναη.</em></span> <span class='ocrx_word' id='word_1_55' title='bbox 867 743 1026 781; x_wconf 81' lang='lat' dir='ltr'>Salvum</span> <span class='ocrx_word' id='word_1_56' title='bbox 1041 743 1102 780; x_wconf 89' lang='lat' dir='ltr'>’st.</span> 
     </span>
     <span class='ocr_line' id='line_1_13' title="bbox 1025 793 1342 833; baseline -0.009 0"><span class='ocrx_word' id='word_1_57' title='bbox 1025 797 1168 833; x_wconf 78' lang='lat' dir='ltr'>Theur.</span> <span class='ocrx_word' id='word_1_58' title='bbox 1200 793 1342 833; x_wconf 86' lang='lat' dir='ltr'>Solvite</span> 
     </span>
    </p>
   </div>
   <div class='ocr_carea' id='block_1_4' title="bbox 234 849 1234 940">
    <p class='ocr_par' dir='ltr' id='par_1_4' title="bbox 234 849 1234 940">
     <span class='ocr_line' id='line_1_14' title="bbox 234 849 835 903; baseline -0.01 -10"><span class='ocrx_word' id='word_1_59' title='bbox 234 854 395 893; x_wconf 88' lang='lat' dir='ltr'>Vosmet</span> <span class='ocrx_word' id='word_1_60' title='bbox 411 852 540 903; x_wconf 78' lang='lat' dir='ltr'>igitur,</span> <span class='ocrx_word' id='word_1_61' title='bbox 560 850 591 889; x_wconf 91' lang='lat' dir='ltr'>si</span> <span class='ocrx_word' id='word_1_62' title='bbox 611 851 757 888; x_wconf 88' lang='lat' dir='ltr'>salvum</span> <span class='ocrx_word' id='word_1_63' title='bbox 774 849 835 887; x_wconf 90' lang='lat' dir='ltr'>’st.</span> 
     </span>
     <span class='ocr_line' id='line_1_15' title="bbox 830 900 1234 940; baseline -0.005 0"><span class='ocrx_word' id='word_1_64' title='bbox 830 904 950 940; x_wconf 76' lang='lat' dir='ltr'>Tran.</span> <span class='ocrx_word' id='word_1_65' title='bbox 983 901 1116 940; x_wconf 87' lang='lat' dir='ltr'>AEdeis</span> <span class='ocrx_word' id='word_1_66' title='bbox 1133 900 1234 938; x_wconf 85' lang='lat' dir='ltr'>filius</span> 
     </span>
    </p>
   </div>
   <div class='ocr_carea' id='block_1_5' title="bbox 236 959 1345 1591">
    <p class='ocr_par' dir='ltr' id='par_1_5' title="bbox 236 959 1345 1591">
     <span class='ocr_line' id='line_1_16' title="bbox 238 959 472 999; baseline -0.017 0"><span class='ocrx_word' id='word_1_67' title='bbox 238 960 349 999; x_wconf 86' lang='lat' dir='ltr'>Tuus</span> <span class='ocrx_word' id='word_1_68' title='bbox 369 959 472 997; x_wconf 88' lang='lat' dir='ltr'>emit.</span> 
     </span>
     <span class='ocr_line' id='line_1_17' title="bbox 356 1009 693 1051; baseline -0.012 -1"><span class='ocrx_word' id='word_1_69' title='bbox 356 1014 497 1051; x_wconf 75' lang='lat' dir='ltr'>Theur.</span> <span class='ocrx_word' id='word_1_70' title='bbox 528 1009 659 1047; x_wconf 83' lang='lat' dir='ltr'>AEdeis</span> <span class='ocrx_word' id='word_1_71' title='bbox 676 1011 693 1046; x_wconf 89' lang='lat'>?</span> 
     </span>
     <span class='ocr_line' id='line_1_18' title="bbox 509 1061 803 1100; baseline -0.003 -1"><span class='ocrx_word' id='word_1_72' title='bbox 509 1064 629 1100; x_wconf 78' lang='grc' dir='ltr'><em>Τναη.</em></span> <span class='ocrx_word' id='word_1_73' title='bbox 657 1061 803 1099; x_wconf 85' lang='lat' dir='ltr'>AEdeis.</span> 
     </span>
     <span class='ocr_line' id='line_1_19' title="bbox 653 1113 1341 1164; baseline -0.006 -12"><span class='ocrx_word' id='word_1_74' title='bbox 653 1117 796 1153; x_wconf 76' lang='lat' dir='ltr'>Theur.</span> <span class='ocrx_word' id='word_1_75' title='bbox 825 1115 938 1164; x_wconf 88' lang='lat' dir='ltr'>Euge</span> <span class='ocrx_word' id='word_1_76' title='bbox 956 1113 965 1151; x_wconf 94' lang='lat'><strong>!</strong></span> <span class='ocrx_word' id='word_1_77' title='bbox 997 1113 1235 1152; x_wconf 84' lang='lat' dir='ltr'>Philolaches</span> <span class='ocrx_word' id='word_1_78' title='bbox 1265 1113 1341 1151; x_wconf 86' lang='lat'>105</span> 
     </span>
     <span class='ocr_line' id='line_1_20' title="bbox 236 1167 1174 1211; baseline -0.007 0"><span class='ocrx_word' id='word_1_79' title='bbox 236 1172 430 1211; x_wconf 74' lang='lat' dir='ltr'>patrissat.</span> <span class='ocrx_word' id='word_1_80' title='bbox 469 1170 498 1208; x_wconf 85' lang='lat' dir='ltr'><strong>J</strong></span> <span class='ocrx_word' id='word_1_81' title='bbox 500 1182 563 1207; x_wconf 87' lang='lat' dir='ltr'>am</span> <span class='ocrx_word' id='word_1_82' title='bbox 583 1169 697 1208; x_wconf 90' lang='lat' dir='ltr'>homo</span> <span class='ocrx_word' id='word_1_83' title='bbox 716 1168 755 1205; x_wconf 94' lang='lat' dir='ltr'>in</span> <span class='ocrx_word' id='word_1_84' title='bbox 773 1167 985 1206; x_wconf 58' lang='lat' dir='ltr'>mercatur&amp;</span> <span class='ocrx_word' id='word_1_85' title='bbox 1003 1167 1174 1206; x_wconf 84' lang='lat' dir='ltr'>vortitur.</span> 
     </span>
     <span class='ocr_line' id='line_1_21' title="bbox 237 1223 592 1272; baseline -0.011 -8"><span class='ocrx_word' id='word_1_86' title='bbox 237 1226 348 1264; x_wconf 90' lang='lat' dir='ltr'>Ai&#39;n&#39;</span> <span class='ocrx_word' id='word_1_87' title='bbox 367 1232 425 1272; x_wconf 86' lang='lat' dir='ltr'>tu,</span> <span class='ocrx_word' id='word_1_88' title='bbox 450 1223 592 1261; x_wconf 79' lang='lat' dir='ltr'>aedeis?</span> 
     </span>
     <span class='ocr_line' id='line_1_22' title="bbox 447 1273 1345 1327; baseline -0.004 -13"><span class='ocrx_word' id='word_1_89' title='bbox 447 1279 568 1314; x_wconf 81' lang='lat' dir='ltr'>Tran.</span> <span class='ocrx_word' id='word_1_90' title='bbox 598 1275 745 1325; x_wconf 84' lang='lat' dir='ltr'>AEdeis,</span> <span class='ocrx_word' id='word_1_91' title='bbox 764 1277 924 1327; x_wconf 82' lang='lat' dir='ltr'>inquam</span> <span class='ocrx_word' id='word_1_92' title='bbox 942 1289 952 1312; x_wconf 90' lang='lat'><strong>:</strong></span> <span class='ocrx_word' id='word_1_93' title='bbox 982 1273 1047 1313; x_wconf 90' lang='lat' dir='ltr'>sed</span> <span class='ocrx_word' id='word_1_94' title='bbox 1065 1273 1171 1312; x_wconf 87' lang='lat' dir='ltr'>sci’n’</span> <span class='ocrx_word' id='word_1_95' title='bbox 1189 1273 1345 1325; x_wconf 81' lang='lat' dir='ltr'>quojus-</span> 
     </span>
     <span class='ocr_line' id='line_1_23' title="bbox 534 1328 673 1366; baseline 0 0"><span class='ocrx_word' id='word_1_96' title='bbox 534 1328 639 1366; x_wconf 88' lang='lat' dir='ltr'>modi</span> <span class='ocrx_word' id='word_1_97' title='bbox 656 1331 673 1366; x_wconf 72' lang='lat'>‚2</span> 
     </span>
     <span class='ocr_line' id='line_1_24' title="bbox 247 1382 798 1432; baseline -0.011 -8"><span class='ocrx_word' id='word_1_98' title='bbox 247 1387 389 1425; x_wconf 77' lang='lat' dir='ltr'>Theur.</span> <span class='ocrx_word' id='word_1_99' title='bbox 420 1383 500 1428; x_wconf 71' lang='lat' dir='ltr'>Qui</span> <span class='ocrx_word' id='word_1_100' title='bbox 520 1383 613 1421; x_wconf 88' lang='lat' dir='ltr'>scire</span> <span class='ocrx_word' id='word_1_101' title='bbox 629 1382 798 1432; x_wconf 84' lang='lat' dir='ltr'>possim?</span> 
     </span>
     <span class='ocr_line' id='line_1_25' title="bbox 507 1435 774 1474; baseline -0.007 0"><span class='ocrx_word' id='word_1_102' title='bbox 507 1438 628 1474; x_wconf 82' lang='lat' dir='ltr'>Tran.</span> <span class='ocrx_word' id='word_1_103' title='bbox 657 1435 774 1473; x_wconf 86' lang='lat' dir='ltr'>Vah!</span> 
     </span>
     <span class='ocr_line' id='line_1_26' title="bbox 668 1485 1051 1532; baseline -0.008 -6"><span class='ocrx_word' id='word_1_104' title='bbox 668 1489 808 1526; x_wconf 78' lang='lat' dir='ltr'>Theur.</span> <span class='ocrx_word' id='word_1_105' title='bbox 840 1485 948 1532; x_wconf 81' lang='lat' dir='ltr'>Quid</span> <span class='ocrx_word' id='word_1_106' title='bbox 965 1486 1051 1524; x_wconf 87' lang='lat' dir='ltr'>est?</span> 
     </span>
     <span class='ocr_line' id='line_1_27' title="bbox 930 1540 1344 1591; baseline 0 -13"><span class='ocrx_word' id='word_1_107' title='bbox 930 1542 1051 1578; x_wconf 79' lang='lat' dir='ltr'>Tran.</span> <span class='ocrx_word' id='word_1_108' title='bbox 1080 1540 1144 1578; x_wconf 92' lang='lat' dir='ltr'>Ne</span> <span class='ocrx_word' id='word_1_109' title='bbox 1161 1551 1224 1577; x_wconf 87' lang='lat' dir='ltr'>me</span> <span class='ocrx_word' id='word_1_110' title='bbox 1241 1552 1344 1591; x_wconf 84' lang='lat' dir='ltr'>roga.</span> 
     </span>
    </p>
   </div>
   <div class='ocr_carea' id='block_1_6' title="bbox 236 1594 1348 2114">
    <p class='ocr_par' dir='ltr' id='par_1_6' title="bbox 236 1594 1348 2114">
     <span class='ocr_line' id='line_1_28' title="bbox 247 1594 742 1647; baseline -0.012 -10"><span class='ocrx_word' id='word_1_111' title='bbox 247 1600 392 1637; x_wconf 83' lang='lat' dir='ltr'>Theur.</span> <span class='ocrx_word' id='word_1_112' title='bbox 420 1598 524 1636; x_wconf 85' lang='lat' dir='ltr'>Nam</span> <span class='ocrx_word' id='word_1_113' title='bbox 543 1594 637 1647; x_wconf 84' lang='lat' dir='ltr'>quid</span> <span class='ocrx_word' id='word_1_114' title='bbox 655 1594 708 1632; x_wconf 84' lang='lat' dir='ltr'>ita</span> <span class='ocrx_word' id='word_1_115' title='bbox 724 1596 742 1632; x_wconf 75' lang='lat' dir='ltr'>t&gt;</span> 
     </span>
     <span class='ocr_line' id='line_1_29' title="bbox 499 1646 1345 1697; baseline -0.005 -9"><span class='ocrx_word' id='word_1_116' title='bbox 499 1652 620 1688; x_wconf 79' lang='lat' dir='ltr'>Tran.</span> <span class='ocrx_word' id='word_1_117' title='bbox 649 1647 810 1697; x_wconf 87' lang='lat' dir='ltr'>Speculo</span> <span class='ocrx_word' id='word_1_118' title='bbox 828 1647 961 1693; x_wconf 85' lang='lat' dir='ltr'>claras,</span> <span class='ocrx_word' id='word_1_119' title='bbox 981 1646 1162 1684; x_wconf 88' lang='lat' dir='ltr'>clarorem</span> <span class='ocrx_word' id='word_1_120' title='bbox 1180 1659 1345 1684; x_wconf 87' lang='lat' dir='ltr'>merum.</span> 
     </span>
     <span class='ocr_line' id='line_1_30' title="bbox 242 1699 1347 1752; baseline -0.005 -11"><span class='ocrx_word' id='word_1_121' title='bbox 242 1703 382 1741; x_wconf 79' lang='lat' dir='ltr'>leeur.</span> <span class='ocrx_word' id='word_1_122' title='bbox 426 1704 533 1741; x_wconf 90' lang='lat' dir='ltr'>Bene</span> <span class='ocrx_word' id='word_1_123' title='bbox 559 1700 731 1752; x_wconf 88' lang='lat' dir='ltr'>(hercle)</span> <span class='ocrx_word' id='word_1_124' title='bbox 755 1700 911 1738; x_wconf 87' lang='lat' dir='ltr'>factum.</span> <span class='ocrx_word' id='word_1_125' title='bbox 955 1699 1093 1743; x_wconf 77' lang='lat' dir='ltr'>Quid?</span> <span class='ocrx_word' id='word_1_126' title='bbox 1122 1712 1184 1738; x_wconf 81' lang='lat' dir='ltr'>eas</span> <span class='ocrx_word' id='word_1_127' title='bbox 1212 1700 1347 1750; x_wconf 85' lang='lat' dir='ltr'>quanti</span> 
     </span>
     <span class='ocr_line' id='line_1_31' title="bbox 399 1753 1348 1794; baseline -0.004 -1"><span class='ocrx_word' id='word_1_128' title='bbox 399 1756 557 1794; x_wconf 87' lang='lat' dir='ltr'>destinat</span> <span class='ocrx_word' id='word_1_129' title='bbox 571 1757 588 1793; x_wconf 73' lang='grc' dir='ltr'>Ρ</span> <span class='ocrx_word' id='word_1_130' title='bbox 1273 1753 1348 1790; x_wconf 85' lang='grc'>110</span> 
     </span>
     <span class='ocr_line' id='line_1_32' title="bbox 246 1806 1345 1858; baseline -0.005 -10"><span class='ocrx_word' id='word_1_131' title='bbox 246 1812 367 1848; x_wconf 84' lang='lat' dir='ltr'>Tran.</span> <span class='ocrx_word' id='word_1_132' title='bbox 398 1809 569 1846; x_wconf 85' lang='lat' dir='ltr'>Talentis</span> <span class='ocrx_word' id='word_1_133' title='bbox 588 1807 736 1858; x_wconf 83' lang='lat' dir='ltr'>magnis</span> <span class='ocrx_word' id='word_1_134' title='bbox 755 1806 927 1855; x_wconf 84' lang='lat' dir='ltr'>totidem,</span> <span class='ocrx_word' id='word_1_135' title='bbox 953 1814 1046 1858; x_wconf 88' lang='lat' dir='ltr'>quot</span> <span class='ocrx_word' id='word_1_136' title='bbox 1068 1819 1137 1856; x_wconf 89' lang='lat' dir='ltr'>ego</span> <span class='ocrx_word' id='word_1_137' title='bbox 1165 1812 1202 1844; x_wconf 90' lang='lat' dir='ltr'>et</span> <span class='ocrx_word' id='word_1_138' title='bbox 1220 1812 1262 1843; x_wconf 89' lang='lat' dir='ltr'>tu</span> <span class='ocrx_word' id='word_1_139' title='bbox 1281 1819 1345 1844; x_wconf 94' lang='lat' dir='ltr'>su-</span> 
     </span>
     <span class='ocr_line' id='line_1_33' title="bbox 398 1875 497 1900; baseline -0.01 0"><span class='ocrx_word' id='word_1_140' title='bbox 398 1875 497 1900; x_wconf 87' lang='lat' dir='ltr'>mus.</span> 
     </span>
     <span class='ocr_line' id='line_1_34' title="bbox 238 1913 1159 1964; baseline -0.007 -8"><span class='ocrx_word' id='word_1_141' title='bbox 238 1916 313 1956; x_wconf 87' lang='lat' dir='ltr'>Sed</span> <span class='ocrx_word' id='word_1_142' title='bbox 331 1915 530 1954; x_wconf 87' lang='lat' dir='ltr'>arrhaboni</span> <span class='ocrx_word' id='word_1_143' title='bbox 547 1915 616 1953; x_wconf 84' lang='lat' dir='ltr'>has</span> <span class='ocrx_word' id='word_1_144' title='bbox 635 1913 737 1952; x_wconf 88' lang='lat' dir='ltr'>dedit</span> <span class='ocrx_word' id='word_1_145' title='bbox 755 1913 1007 1964; x_wconf 84' lang='lat' dir='ltr'>quadraginta</span> <span class='ocrx_word' id='word_1_146' title='bbox 1022 1913 1159 1951; x_wconf 87' lang='lat' dir='ltr'>minas.</span> 
     </span>
     <span class='ocr_line' id='line_1_35' title="bbox 237 1965 1287 2019; baseline -0.003 -11"><span class='ocrx_word' id='word_1_147' title='bbox 237 1970 342 2008; x_wconf 88' lang='lat' dir='ltr'>Hinc</span> <span class='ocrx_word' id='word_1_148' title='bbox 360 1969 508 2016; x_wconf 84' lang='lat' dir='ltr'>sumsit,</span> <span class='ocrx_word' id='word_1_149' title='bbox 527 1982 620 2019; x_wconf 86' lang='lat' dir='ltr'>quas</span> <span class='ocrx_word' id='word_1_150' title='bbox 639 1968 673 2005; x_wconf 90' lang='lat' dir='ltr'>ei</span> <span class='ocrx_word' id='word_1_151' title='bbox 692 1967 877 2005; x_wconf 83' lang='lat' dir='ltr'>dedimus.</span> <span class='ocrx_word' id='word_1_152' title='bbox 919 1965 1056 2005; x_wconf 82' lang='lat' dir='ltr'>Sati’n&#39;</span> <span class='ocrx_word' id='word_1_153' title='bbox 1075 1966 1254 2018; x_wconf 85' lang='lat' dir='ltr'>intelligis</span> <span class='ocrx_word' id='word_1_154' title='bbox 1268 1968 1287 2005; x_wconf 72' lang='lat'>‚⁹</span> 
     </span>
     <span class='ocr_line' id='line_1_36' title="bbox 236 2019 1286 2073; baseline -0.005 -12"><span class='ocrx_word' id='word_1_155' title='bbox 236 2024 358 2069; x_wconf 84' lang='lat' dir='ltr'>Nam,</span> <span class='ocrx_word' id='word_1_156' title='bbox 377 2029 579 2073; x_wconf 87' lang='lat' dir='ltr'>postquam</span> <span class='ocrx_word' id='word_1_157' title='bbox 596 2021 699 2058; x_wconf 85' lang='lat' dir='ltr'>haece</span> <span class='ocrx_word' id='word_1_158' title='bbox 715 2021 810 2059; x_wconf 87' lang='lat' dir='ltr'>aedes</span> <span class='ocrx_word' id='word_1_159' title='bbox 828 2020 883 2057; x_wconf 84' lang='lat' dir='ltr'>ita</span> <span class='ocrx_word' id='word_1_160' title='bbox 901 2028 1020 2066; x_wconf 87' lang='lat' dir='ltr'>erant,</span> <span class='ocrx_word' id='word_1_161' title='bbox 1040 2026 1085 2057; x_wconf 85' lang='lat' dir='ltr'>ut</span> <span class='ocrx_word' id='word_1_162' title='bbox 1103 2020 1185 2058; x_wconf 83' lang='lat' dir='ltr'>dixi</span> <span class='ocrx_word' id='word_1_163' title='bbox 1202 2019 1286 2068; x_wconf 89' lang='lat' dir='ltr'>tibi,</span> 
     </span>
     <span class='ocr_line' id='line_1_37' title="bbox 237 2073 1342 2114; baseline -0.004 0"><span class='ocrx_word' id='word_1_164' title='bbox 237 2076 428 2114; x_wconf 85' lang='lat' dir='ltr'>Continuo</span> <span class='ocrx_word' id='word_1_165' title='bbox 445 2082 500 2113; x_wconf 92' lang='lat' dir='ltr'>est</span> <span class='ocrx_word' id='word_1_166' title='bbox 517 2075 610 2113; x_wconf 83' lang='lat' dir='ltr'>alias</span> <span class='ocrx_word' id='word_1_167' title='bbox 628 2074 737 2112; x_wconf 86' lang='lat' dir='ltr'>aedeis</span> <span class='ocrx_word' id='word_1_168' title='bbox 754 2080 942 2111; x_wconf 83' lang='lat' dir='ltr'>mercatus</span> <span class='ocrx_word' id='word_1_169' title='bbox 960 2073 1043 2111; x_wconf 85' lang='lat' dir='ltr'>sibi.</span> <span class='ocrx_word' id='word_1_170' title='bbox 1267 2073 1342 2111; x_wconf 90' lang='lat'>115</span> 
     </span>
    </p>
   </div>
   <div class='ocr_carea' id='block_1_7' title="bbox 242 2128 1339 2232">
    <p class='ocr_par' dir='ltr' id='par_1_7' title="bbox 242 2128 1339 2232">
     <span class='ocr_line' id='line_1_38' title="bbox 242 2128 885 2175; baseline -0.003 -7"><span class='ocrx_word' id='word_1_171' title='bbox 242 2131 385 2168; x_wconf 75' lang='lat' dir='ltr'>Theur.</span> <span class='ocrx_word' id='word_1_172' title='bbox 414 2128 521 2167; x_wconf 89' lang='lat' dir='ltr'>Bene</span> <span class='ocrx_word' id='word_1_173' title='bbox 540 2128 709 2175; x_wconf 88' lang='lat' dir='ltr'>(hercle)</span> <span class='ocrx_word' id='word_1_174' title='bbox 729 2128 885 2166; x_wconf 87' lang='lat' dir='ltr'>factum.</span> 
     </span>
     <span class='ocr_line' id='line_1_39' title="bbox 590 2177 1339 2232; baseline -0.007 -13"><span class='ocrx_word' id='word_1_175' title='bbox 590 2184 696 2219; x_wconf 81' lang='lat' dir='ltr'>Dan.</span> <span class='ocrx_word' id='word_1_176' title='bbox 725 2181 859 2219; x_wconf 86' lang='lat' dir='ltr'>Heus!</span> <span class='ocrx_word' id='word_1_177' title='bbox 887 2181 969 2230; x_wconf 88' lang='lat' dir='ltr'>jam</span> <span class='ocrx_word' id='word_1_178' title='bbox 987 2179 1132 2232; x_wconf 84' lang='lat' dir='ltr'>appetit</span> <span class='ocrx_word' id='word_1_179' title='bbox 1150 2177 1339 2218; x_wconf 76' lang='lat' dir='ltr'>meridies.</span> 
     </span>
    </p>
   </div>
  </div>
 </body>
</html>
