1435 2400
143 78 193 116 66
474 75 753 115 EPIDICUS.
785 77 866 115 ΙΙΙ.
900 74 937 114 4.

143 183 251 220 Dum
270 195 349 220 rem
370 181 537 220 divinam
556 183 706 221 faceret.

598 236 755 286 Peripa.
783 237 922 274 Fateor
940 249 1002 274 me
1021 236 1194 274 omnium

139 289 356 327 Hominum
376 302 454 327 esse
468 289 632 327 Athenis
645 289 783 327 Atticis
801 289 952 326 minimi
970 291 1080 340 preti.
1196 291 1248 332 70

139 342 214 380 Sed
234 350 274 380 tu
294 342 469 380 novistin*
488 342 679 380 fidicinam
700 342 1021 392 Acropolistidem
1035 342 1052 377 ¹?

141 397 181 433 F
184 396 236 432 id.
266 395 368 433 Tam
389 395 512 439 facile,
533 408 650 446 quam
670 408 743 432 me.

416 447 576 498 Periplz.
611 448 687 486 Ubi
706 448 880 486 habitat?

615 503 708 539 Fid.
737 502 947 552 Postquam
965 500 1083 539 libera
1102 501 1164 549 'st,
1184 500 1252 539 ubi

140 553 300 591 Habitet
313 554 421 601 dum,
442 554 583 592 incerto
602 554 687 592 scio.

327 607 486 657 Periplz.
516 607 604 645 Eho
620 607 629 644 2
661 608 750 645 ai'n'
762 608 780 644 ⁴?
809 607 894 659 quis
915 620 998 645 eam
1018 607 1248 655 liberaverit,

139 659 241 698 Volo
261 660 367 709 scire,
389 660 420 698 si
439 661 521 698 scis.

456 715 549 751 Fid.
582 713 644 761 Id,
665 714 767 765 quod
786 713 927 761 audivi,
948 714 1089 752 audies.

144 766 450 818 Stratippoclem,
470 767 611 814 audivi,
634 767 838 818 Periphani
857 767 995 815 filium,
1199 767 1250 811 75

141 820 355 857 Absentem
375 820 558 858 curavisse
576 828 620 858 ut
637 820 741 858 fieret
758 820 887 857 libera.

139 872 298 923 Periph.
325 873 441 921 Perii,
470 873 593 911 hercle
609 874 618 910 !
664 875 705 913 Si
729 874 831 911 istaec
859 886 946 911 vera
974 880 1076 921 sunt,
1105 873 1250 924 planis-

297 939 406 963 sume

136 978 274 1016 Meum
295 979 522 1016 exenteravit
541 980 725 1031 Epidicus
745 979 998 1030 marsupium.
1194 980 1246 1023 78

135 1033 229 1068 Fid.
261 1033 356 1069 Haec
375 1032 426 1069 sic
445 1032 598 1070 audivi:
630 1032 819 1083 numquid
838 1044 900 1070 me
919 1033 975 1070 vis
993 1039 1169 1070 caeterum
1183 1035 1201 1070 ’ἓ

138 1086 303 1134 Periple.
332 1085 442 1123 Malo
466 1087 632 1123 cruciatu
652 1093 696 1123 ut
714 1098 859 1136 pereas,
880 1092 994 1136 atque
1012 1087 1124 1124 abeas
1144 1085 1229 1124 cito.

136 1139 230 1175 Fid.
260 1137 373 1175 Fides
392 1150 469 1176 non
487 1139 610 1177 reddis
624 1142 641 1177 ?

500 1193 659 1242 Peripk.
693 1193 831 1242 Neque
850 1192 956 1240 fides,
976 1204 1101 1243 neque
1120 1191 1245 1230 tibias.

135 1244 304 1296 Propera
322 1244 438 1295 igitur
456 1244 587 1295 fugere
605 1245 709 1292 hinc,
729 1246 761 1282 si
779 1253 816 1283 te
834 1244 904 1283 Dii
921 1254 1064 1283 amant.

962 1300 1058 1336 Fid.
1084 1298 1242 1337 Abiero.

134 1349 301 1400 Flagitio
319 1363 405 1389 cum
425 1353 567 1400 majore
585 1360 670 1403 post
687 1351 818 1390 reddes
836 1358 976 1389 tamen.
1189 1353 1242 1389 83

135 1405 296 1454 Periph.
324 1404 432 1451 Quid
451 1404 581 1443 nunc?
610 1405 677 1456 qui
704 1405 744 1442 in
763 1405 877 1442 tantis
894 1404 1038 1455 positus
1056 1417 1144 1442 sum
1162 1417 1246 1443 sen-

293 1464 433 1504 tentus,

133 1510 289 1548 Eumne
316 1523 386 1560 ego
415 1510 536 1547 sinam
566 1510 754 1562 impune?
810 1513 955 1558 Immo,
985 1511 1099 1550 etiam
1127 1511 1159 1549 si
1189 1512 1244 1549 al-

296 1570 421 1601 terum
1193 1566 1244 1602 85

135 1615 307 1654 Tantum
325 1616 566 1667 perdundum
581 1618 644 1665 'st‚
658 1618 815 1670 perdam
829 1618 969 1670 potius,
985 1630 1102 1669 quam
1121 1617 1243 1655 sinam

132 1668 204 1707 Me
222 1669 380 1719 impune
397 1669 551 1708 irrisum
569 1684 646 1709 esse
664 1671 854 1719 habitum,
874 1672 1140 1722 depeculatum
1159 1670 1223 1709 eis.

134 1722 197 1761 Sic
215 1722 304 1760 data
321 1735 399 1761 esse
418 1726 530 1762 verba
548 1725 721 1775 praesenti
739 1725 868 1776 palam
883 1726 893 1762 !

132 1775 266 1826 Atque
283 1788 345 1814 me
362 1777 517 1815 minoris
534 1777 632 1816 facio
649 1791 728 1829 prae
744 1778 826 1823 illo,
846 1778 913 1830 qui
931 1778 1104 1816 omnium

134 1828 286 1879 Legum
305 1836 419 1880 atque
434 1831 581 1879 jurium
599 1831 718 1878 fictor,
738 1831 907 1870 conditor
925 1832 1038 1870 cluet.
1191 1833 1244 1870 90

134 1882 176 1919 Is
195 1882 308 1919 etiam
328 1895 407 1920 sese
429 1896 557 1935 sapere
575 1892 785 1930 memorat3
816 1886 1001 1924 malleum

132 1935 405 1986 Sapientiorem
425 1942 449 1965 ’Κ
480 1939 503 1960 *
532 1941 554 1964 ²*
574 1938 785 1976 manubrio.
