1435 2400
183 79 256 116 162
469 75 805 116 MERCATOR.
836 75 919 113 ΙΙΙ.
950 77 988 113 2.

181 184 255 222 Ille
282 191 319 222 te
347 184 483 222 homo:
513 184 566 221 ita
589 181 759 234 (edepol)
780 180 923 231 deperit
947 187 997 230 te,
1027 188 1145 234 atque
1166 183 1278 224 hodie

343 239 509 288 primum
528 237 632 274 vidit.

182 291 293 327 Pasi.
322 289 491 337 Ecastor,
508 291 589 339 jam
607 288 803 327 biennium
819 286 881 334 ’st,
897 299 1013 338 quom
1031 301 1181 328 mecum
1199 304 1280 330 rem

339 343 462 394 coepit.
1227 345 1280 382 35

180 396 312 443 Nunc,
333 396 486 447 quando
505 395 669 434 amicum
688 402 725 432 te
746 394 820 432 scio
839 405 918 431 esse
935 392 1052 441 illius,
1072 394 1257 435 indicabo.

181 451 333 499 Lysim.
361 449 468 497 Quid
482 449 535 487 ais
550 457 590 486 tu
605 450 622 486 Ρ
649 449 728 496 jam
742 446 938 485 biennium
952 446 1013 495 'st,
1028 460 1145 499 quom
1158 456 1283 488 tecum

341 503 454 540 habet
472 515 550 540 rem
565 503 582 539 ?

589 556 700 592 Posi.
730 553 854 592 Certo.

178 609 232 648 Et
262 609 360 646 inter
392 619 460 646 nos
491 608 785 657 conjuravimus,
819 618 888 656 ego
917 617 1004 643 cum
1040 606 1120 655 illo,
1153 615 1190 647 et
1218 608 1283 647 ille

336 673 501 708 mecum,

178 717 266 767 Ego
287 727 375 753 cum
401 714 494 760 viro,
521 720 558 751 et
584 712 648 750 ille
670 726 757 751 cum
788 712 960 759 muliere,
990 712 1063 750 nisi
1086 726 1174 752 cum
1202 714 1282 763 illo,

338 773 405 804 aut
423 766 486 804 ille
504 778 668 813 mecum,

183 823 330 860 Neuter
348 819 468 870 stupri
486 817 598 857 causa
615 826 728 869 caput
745 819 906 856 limaret.

679 872 832 920 Lysim.
860 870 928 909 Dii
945 870 1201 910 immortales!
1233 874 1285 911 40

182 927 314 967 Etiam
332 937 420 964 cum
439 937 556 963 uxore
573 935 649 961 non
668 926 810 962 cubet?

631 979 744 1014 Pasi.
768 977 937 1025 Amabo,
957 987 1006 1014 an
1024 977 1181 1016 maritus
1199 987 1254 1018 est
1267 983 1284 1018 ?

184 1034 320 1084 Neque
340 1037 407 1079 est,
427 1042 549 1080 neque
569 1029 649 1067 erit.

412 1084 563 1132 Lysim.
593 1082 728 1120 Nolim
747 1082 914 1133 quidem.
971 1083 1102 1121 Homo
1118 1083 1287 1136 (hercle)

527 1136 744 1187 perjuravit.

186 1192 299 1230 Pasi.
328 1188 495 1228 Nullum
514 1188 785 1227 adolescentem
803 1188 891 1240 plus
909 1201 1009 1227 amo.

510 1243 662 1291 Lysim.
693 1242 794 1279 Puer
812 1249 868 1280 est
885 1242 948 1280 ille
966 1241 1134 1293 quidem,
1154 1244 1283 1283 stulta.

183 1299 289 1337 Nam
314 1296 372 1334 illi
399 1294 567 1346 quidem,
598 1294 702 1333 haud
730 1307 818 1333 sane
834 1295 900 1333 diu
923 1303 991 1344 est,
1020 1308 1136 1347 quom
1158 1297 1287 1336 dentes

341 1348 572 1387 exciderunt.

184 1405 296 1442 Pasi.
325 1400 444 1450 Quid,
466 1402 493 1422 “·
513 1400 705 1439 dentes?”

458 1454 610 1502 Lysim.
639 1453 751 1492 Nihil
769 1460 824 1491 est
840 1468 850 1491 ε
880 1466 1033 1504 sequere
1051 1454 1101 1493 sis
1117 1455 1193 1494 huc
1210 1469 1286 1497 me.

563 1507 681 1545 Diem
698 1518 835 1552 unum,
855 1507 989 1553 oravit,
1227 1512 1279 1549 45

181 1563 238 1602 Ut
265 1560 368 1613 apud
395 1572 458 1598 me
483 1560 730 1610 praehiberem
757 1560 909 1605 locum;
943 1559 1040 1606 ideo,
1072 1561 1162 1612 quia
1189 1576 1287 1602 uxor

342 1613 421 1652 ruri
439 1619 503 1651 est.

424 1768 610 1808 ACTUS
639 1769 723 1807 ΙΙΙ.
775 1769 960 1809 SCENA
988 1770 1046 1809 ΙΙ.

615 1875 861 1914 DEMIPHO.

185 1979 362 2019 Tandem
379 1981 592 2031 impetravi,
611 1988 656 2020 ut
673 1990 820 2033 egomet
837 1994 901 2021 me
917 1995 1207 2036 corrumperem.

184 2034 301 2072 Emta
317 2041 372 2073 est
389 2034 511 2072 amica
528 2035 628 2073 clam
644 2048 764 2074 uxore
781 2035 867 2074 mea
885 2043 922 2074 et
939 2036 1031 2076 filio.

183 2087 342 2126 Certum
361 2088 423 2137 'st‚
443 2088 599 2140 antiqua
616 2088 791 2138 recolam,
812 2097 849 2128 et
866 2089 1011 2129 servibo
1027 2089 1135 2130 mihi.
