1435 2400
446 99 578 138 ΜΕΝ
579 99 838 139 AEcmffll
866 101 944 140 IV.
972 103 1009 140 2.
1202 103 1278 148 107

167 206 339 254 Quidam
350 206 509 245 habuit·
530 219 667 257 neque,
685 206 788 257 quod
806 208 909 245 101111
930 221 1050 258 agere,
1064 208 1276 260 quidquam

167 260 336 298 Licitum
358 268 436 298 est.
466 260 520 297 ita
536 272 599 296 me
618 259 783 305 attinuit,
804 259 857 297 ita
875 274 937 299 me
955 261 1127 300 detinuit.
1220 264 1272 299 22

166 313 291 364 Apud
307 313 447 351 aedileis
465 312 604 363 proeliis
617 312 726 350 factis
743 313 919 363 plurimis

167 367 450 417 Paesumisque‚
470 366 551 403 dixi
570 378 746 403 eausam:
777 366 1007 405 conditiones

168 420 302 458 Tetuli
320 427 448 466 tortas,
469 419 730 469 confragosas:
760 427 827 456 aut
847 421 934 470 plus
1218 424 1269 459 25

167 474 254 511 Aut
267 473 408 519 minus,
430 485 548 524 quam
565 484 661 523 opus
679 478 756 509 erat
775 473 914 521 multo,
933 473 1104 512 dixeram

170 500 486 572 Controversiam,
506 525 564 562 uti
582 525 732 576 sponsio
750 526 865 564 fieret.

168 579 275 627 Quid
292 580 389 618 ille?
418 554 542 630 quid?
570 578 736 630 praedem
752 579 878 617 dedit:
908 591 977 618 nec
995 581 1117 631 magis

168 633 421 671 Manifestum
434 645 502 683 ego
515 632 710 670 hominem
724 645 896 683 unquam
915 633 1038 671 ullum
1053 634 1171 672 teneri
1186 634 1275 672 vidi.

167 686 360 725 Omnibus
378 685 584 724 malefactis
603 693 712 723 teossffi
733 692 807 724 ’1105
826 686 980 724 adei-ant
997 688 1191 725 acerrumi-
1224 690 1276 727 30

165 740 235 777 Dii
252 740 364 778 illum
382 751 512 777 omnes
530 739 703 789 perdant,
724 739 796 790 (ita
819 739 916 776 mihi
939 740 1043 778 hunc
1065 741 1177 778 hodie
1195 754 1275 779 cor-

330 793 434 844 rupit
456 790 576 840 diem)

166 847 312 899 Meque
325 846 431 893 adeo,
448 845 516 897 qui
527 845 640 884 hodie
657 844 783 883 forum
800 858 974 897 unquam
992 847 1110 885 oculis
1126 847 1275 898 inspexi

326 912 434 937 111015.

164 955 281 994 Diem
299 953 471 1004 corrupi:
501 960 703 1002 optumum
719 952 816 1001 jussi
834 954 1006 1002 apparari
1023 954 1254 1004 prandium:

165 1009 306 1046 Amica
325 1013 515 1057 exspectat
533 1019 608 1052 me,
629 1006 715 1043 scio.
763 1006 843 1044 Ubi
861 1006 1030 1056 primum
1046 1008 1093 1045 'st
1109 1007 1272 1057 licitum,

327 1059 429 1097 illico

166 1113 370 1165 Properavi
387 1112 489 1150 abire
506 1112 553 1149 de
570 1112 663 1150 foro.
697 1111 827 1149 Irata’
830 1120 863 1150 st
882 1112 1027 1158 (credo)
1044 1125 1147 1151 nunc
1165 1113 1274 1151 mihi.

166 1167 337 1206 Placabit
354 1166 470 1217 palla,
490 1178 608 1216 quam
621 1164 722 1213 dedi,
738 1177 856 1215 quam
869 1165 980 1204 hodie
990 1167 1102 1204 uxori
1116 1167 1274 1214 abstuli,

326 1228 439 1270 atque
456 1219 547 1256 huic
1221 1219 1275 1257 36

171 1273 305 1312 Det-uli
322 1273 467 1311 Erotio.

432 1328 532 1364 Pen.
564 1324 673 1373 Quid
691 1324 773 1362 ais?

714 1379 822 1416 [Uul.
850 1378 948 1416 Viro
966 1391 1028 1417 me
1045 1379 1150 1423 malo
1167 1379 1268 1418 male

168 1433 356 1486 Nuptam.

271 1489 370 1525 Pen-
399 1486 492 1525 Sati'
494 1487 534 1524 n'
552 1485 674 1533 audis,
695 1498 782 1536 quae
798 1483 876 1523 11110
892 1484 1088 1536 loquitur?

860 1540 970 1576 Mul
999 1538 1110 1576 Satis.

904 1593 1017 1629 111011.
1046 1593 1088 1631 Si
1105 1593 1264 1644 sapiam,

166 1648 271 1687 Hinc
288 1647 387 1685 inu-o
405 1648 552 1693 abeam,
572 1646 639 1684 ubi
657 1645 753 1683 mihi
770 1647 865 1684 bene
882 1645 943 1682 sit.

615 1701 673 1736 M
672 1701 723 1737 ul
751 1699 895 1736 Mane:
925 1699 1026 1737 male
1042 1699 1167 1750 potius
1186 1700 1266 1738 erit.

167 1756 254 1802 Nae,
274 1754 382 1792 1113111
402 1753 623 1803 (meoeswr)
641 1754 824 1791 foenerato
841 1752 1043 1790 abstulisti.

853 1806 953 1842 Pen.
979 1806 1042 1844 Sic
1058 1805 1181 1843 datur.
1218 1808 1270 1844 40

165 1863 221 1899 M
221 1863 271 1899 ul.
314 1860 544 1899 Clanculum
574 1867 612 1898 te
639 1859 740 1897 istaec
772 1858 915 1910 flagitia
943 1858 1066 1898 facere
1094 1861 1269 1898 censebas

323 1913 494 1963 potesse?

165 1970 276 2006 Men.
304 1965 413 2014 Quid
432 1966 524 2004 illuc
542 1972 610 2009 051,
631 1979 742 2013 uxor,
760 1966 919 2016 negoti?

581 2020 641 2056 M
640 2021 692 2057 ul
709 2020 821 2058 Men'
840 2019 979 2069 rogas?

724 2075 837 2111 hicn.
864 2072 931 2109 Vi’
934 2073 972 2110 n’
990 2072 1093 2110 hunc
1109 2083 1259 2121 rogem.
1250 2071 1267 2092 ⁹

164 2128 261 2164 Pen.
293 2125 412 2164 Aufer
429 2125 517 2164 111110
534 2125 780 2177 palpationoe.
823 2126 944 2176 Perge
961 2133 1017 2163 tu.

849 2180 962 2216 Men.
987 2177 1095 2226 Quid
1113 2185 1155 2216 tu
1174 2176 1270 2215 mihi
1331 2198 1334 2199 ν
