1435 2400
208 110 285 147 298
462 107 894 148 MOSTELLARIA.
927 107 1009 145 ΙΙΙ.
1035 109 1072 144 2.

571 216 713 252 ΤΙιεην.
743 213 891 261 Quanti
907 213 1019 252 hosce
1036 224 1181 251 emeras
1193 213 1211 250 Ρ
1242 210 1316 248 135

210 268 308 305 Sim.
333 266 443 306 Treis
460 268 582 306 minas
601 280 670 318 pro
685 267 763 305 istis
777 267 940 314 duobus,
961 275 1096 318 praeter
1110 273 1316 313 vecturam,

370 321 471 359 dedi.

217 375 360 412 Theur.
403 374 554 421 Hercle,
592 374 685 426 quin
721 373 889 411 multum
931 373 1176 424 improbiores
1211 379 1314 419 sunt,

369 441 485 478 quam
505 441 527 464 a
545 428 668 477 primo
686 427 839 465 credidi.

219 482 338 518 Tr.an
368 483 641 531 Quapropter?

501 535 642 571 ΤΙιειιν.
674 533 778 580 Quia
797 531 968 584 (edepol)
989 533 1102 570 ambo
1119 533 1167 570 ab
1186 530 1319 569 infimo

602 595 740 624 tarmes
758 594 868 625 secat.

219 641 339 677 Tran.
369 639 660 691 Intempestivos
687 639 829 678 excisos
856 639 992 677 credo·
981 667 993 684 ‚
1031 638 1072 676 id
1098 638 1150 676 eis
1182 637 1319 676 vitium

369 700 488 731 nocet.

211 745 345 797 Atque
368 746 482 784 etiam
509 758 611 783 nunc
640 746 727 785 satis
756 746 848 785 boni
877 754 979 795 sunt,
1011 745 1042 783 si
1072 745 1146 782 sint
1175 743 1321 782 inducti

369 800 468 859 pice.
1244 798 1320 835 140

208 853 301 890 Non
319 853 421 943 enibm
448 853 528 891 haec
550 853 798 904 pultiphagus
824 853 952 904 opifex
977 864 1092 903 opera
1119 850 1208 889 fecit
1231 852 1321 889 bar-

399 919 498 943 arus.

212 958 325 998 Vide'
328 959 366 996 n'
384 966 604 1009 coagmenta
620 959 662 996 in
680 959 853 997 foribus?

327 1013 473 1050 leeur.
502 1012 638 1051 Video.

545 1067 665 1103 Tran.
693 1066 842 1117 Specta,
863 1077 981 1116 quam
998 1070 1098 1101 arcte
1115 1062 1321 1102 dormiunt.

224 1120 368 1156 Theur.
397 1117 639 1157 Dormiunt?

458 1174 578 1209 Trun.
611 1171 716 1209 Illud
735 1171 904 1223 quidem,
924 1177 968 1208 ut
986 1170 1200 1219 connivent,
1219 1169 1324 1209 volui

561 1225 695 1263 dicere.

214 1277 348 1317 Sati’n’
369 1279 518 1317 habes?

380 1334 524 1371 leur.
551 1333 608 1371 Ut
626 1332 795 1384 quidque
812 1331 936 1381 magis
954 1329 1200 1382 contemplor,
1219 1336 1325 1368 tanto

480 1386 602 1437 magis
621 1387 755 1436 placet.

221 1438 525 1477 Tra12.Vide'n’
556 1439 717 1490 pictum,
747 1439 815 1477 ubi
841 1438 1056 1475 ludificatur
1084 1436 1216 1475 cornix
1247 1447 1326 1474 una

375 1492 555 1530 volturios
573 1493 673 1530 duo.
664 1495 681 1520 ²
1251 1490 1328 1526 145

217 1546 361 1583 Cornix
380 1546 517 1593 adstat,
539 1559 582 1583 ea
601 1545 782 1583 volturios
800 1544 876 1582 duo
895 1544 1058 1582 vicissim
1077 1542 1241 1581 vellicat.

216 1598 372 1647 Quaeso,
398 1599 474 1636 huc
501 1599 551 1636 ad
581 1612 644 1636 me
672 1606 812 1650 specta,
835 1597 1021 1635 cornicem
1047 1603 1092 1634 ut
1117 1595 1328 1646 conspicere

378 1651 531 1702 possies.

218 1705 250 1743 J
251 1717 314 1742 am
329 1704 436 1742 *vides
450 1709 468 1742 ἓ

313 1759 457 1795 Theur.
489 1757 663 1796 Profecto
680 1757 830 1795 nullam
849 1756 1025 1808 equidem
1043 1756 1124 1794 ifflc
1141 1755 1328 1794 cornicem

483 1818 624 1848 intuor.

226 1866 348 1902 Tran.
375 1864 434 1901 At
452 1871 494 1901 tu
511 1864 583 1901 isto
602 1864 650 1902 ad
668 1877 734 1903 vos
752 1865 921 1912 obtuere,
942 1863 1125 1915 quoniam
1143 1862 1329 1901 cornicem

383 1917 517 1968 nequis

222 1970 456 2022 Conspicati,
477 1971 507 2008 si
526 1971 705 2009 volturios
723 1971 819 2008 forte
837 1971 957 2021 possis
975 1969 1116 2008 contui-
1254 1969 1331 2006 150

229 2025 376 2063 Theur.
404 2023 590 2071 Omnino,
623 2031 668 2062 ut
699 2032 736 2062 te
765 2024 973 2073 absolvam,
1006 2023 1157 2060 nullam
1187 2021 1330 2073 pictam

382 2077 568 2128 conspicio
586 2077 649 2115 hic
667 2091 712 2115 av
717 2091 791 2116 em.

231 2133 356 2169 Tran.
384 2131 519 2221 Abge‚
515 2131 596 2178 jam
625 2131 759 2175 mitt03
798 2131 974 2180 ignosco:
1005 2136 1114 2168 aetate
1141 2139 1217 2167 non
1246 2126 1333 2178 quis

388 2197 409 2221 o
439 2191 519 2221 tuer
521 2183 585 2220 ier.
