1435 2400
420 40 760 81 MERCATOR.
789 42 840 81 V.
869 44 906 79 4.
1156 45 1229 82 185

111 148 256 198 Suopte
279 149 433 199 culpam
460 149 590 199 generi
621 148 801 199 capiunt;
831 159 951 199 genus
973 149 1124 200 ingenio
1151 150 1224 188 im.

271 203 443 251 probant.

112 255 244 292 Demi.
272 255 422 293 Verum
440 254 530 293 dicit
547 254 621 292 hic.

268 309 420 358 Lysi-m.
454 308 546 346 Tibi
564 320 652 358 ergo
670 307 773 345 dicit.

473 363 569 399 Eut.
594 361 654 399 Eo
672 360 769 398 illud
788 373 921 398 verum
937 359 985 398 ’st
1004 362 1136 412 magis.
1168 363 1216 401 10

109 414 216 452 Nam
234 420 285 462 te,
306 415 399 453 istac
418 422 541 461 aetate‚
556 414 662 452 haud
675 426 830 465 aequum
844 414 966 452 fuerat
985 413 1063 453 filio
1082 423 1162 464 tuo,

107 467 368 517 Adolescenti,
388 468 546 516 amanti,
566 468 728 507 amicam
748 475 890 506 emtam
907 475 1062 519 argento
1081 468 1220 520 eripere

265 535 346 560 suo.

105 575 239 613 Demi.
269 575 377 623 Quid
394 582 438 614 tu
456 575 540 614 ais?
565 574 722 614 Charini
741 573 864 612 amica
874 573 923 611 ’st
939 573 1034 612 illa?

640 630 736 666 Eut.
756 628 813 666 Ut
831 626 1043 666 dissimulat
1061 628 1212 667 malus!

102 681 238 720 Demi.
267 681 342 720 Ille
360 682 515 734 quidem
533 682 640 721 illam
659 694 737 720 sese
755 681 933 719 ancillam
953 681 1068 719 matri
1084 683 1217 722 emisse

267 735 426 774 dixerat.

101 790 199 827 Eut.
226 789 432 840 Propterae
453 789 570 840 igitur
593 796 637 827 tu
662 785 844 828 mercatu’
847 801 879 837 ⁵,
907 800 1029 828 novus
1054 796 1215 835 amator,

263 850 370 881 vetus
387 843 509 894 puer?
1165 844 1213 881 15

102 897 258 946 Lysim.
285 895 473 947 Optume,
493 896 641 935 hercle!
674 896 814 948 perge!
845 907 915 947 ego
941 895 1114 934 assistam
1132 897 1216 946 jam

263 949 352 987 hinc
370 950 602 989 altrinsecus.

102 1002 260 1051 Quibus
279 1011 334 1041 aet
352 1003 460 1042 dictis
479 1003 632 1055 dignus,
651 1016 773 1054 usque
790 1014 989 1041 oneremus
1008 1005 1146 1049 ambo;

800 1056 930 1093 Demi.
951 1056 1096 1094 Nullus
1114 1069 1213 1094 sum.

103 1111 255 1158 Lysim.
274 1109 374 1147 Filio
389 1122 458 1148 suo
477 1110 544 1161 qui
555 1109 747 1148 innocenti
759 1109 847 1147 fecit
861 1116 1006 1146 tantam
1022 1109 1215 1158 injuriam.

102 1164 199 1200 Eut.
228 1162 358 1210 Quem
377 1163 532 1214 quidem
555 1161 724 1215 (hercle)
745 1176 828 1214 ego,
848 1162 889 1199 in
907 1162 1084 1200 exsilium
1098 1176 1216 1215 quom

262 1216 346 1264 iret,
368 1216 503 1255 reduxi
521 1217 705 1255 domum.
695 1230 705 1239 ·

102 1269 210 1308 Nam
227 1270 307 1308 ibat
325 1270 558 1308 exsulatum.

315 1325 448 1361 Demi.
475 1324 544 1361 An
564 1323 685 1362 abiit‘>

476 1378 630 1426 Lysim.
658 1376 791 1414 Etiam
808 1375 975 1426 loquere,
996 1377 1125 1415 larva.
1114 1378 1133 1404 ⁹
1162 1378 1214 1416 20

102 1429 348 1480 Temperare,
369 1430 462 1468 istac
481 1438 604 1475 aetate,
624 1429 704 1467 istis
728 1429 882 1467 decebat
900 1429 1054 1468 artibus.

100 1485 235 1522 Demi.
263 1483 428 1522 Fateor:
458 1483 602 1534 deliqui
619 1482 797 1534 profecto.

613 1538 710 1574 Eut.
740 1535 871 1573 Etiam
891 1535 1059 1587 loquere,
1078 1536 1214 1575 larva?

99 1590 280 1628 vacuum
299 1603 378 1628 esse
395 1590 488 1629 istac
506 1589 570 1628 ted
588 1597 696 1628 aetate
713 1589 759 1626 iis
783 1588 937 1627 decebat
956 1589 1104 1627 noxiis:

101 1642 243 1681 Itidem
262 1651 305 1681 ut
319 1650 470 1695 tempus
495 1644 600 1691 anni,
627 1650 776 1681 aetatem
801 1642 918 1680 aliam
941 1642 1047 1681 aliud
1071 1643 1215 1682 factum

264 1705 450 1735 convemt.

99 1750 224 1795 Nam,
243 1750 276 1787 si
292 1751 390 1789 istuc
404 1752 468 1800 jus
487 1758 555 1799 est,
576 1749 725 1788 senecta
744 1756 853 1787 aetate
871 1750 1024 1788 scortari
1043 1762 1164 1799 senae,

103 1803 184 1842 Ubi
202 1803 275 1841 loci
292 1817 350 1842 res
368 1817 521 1842 summa
538 1812 667 1842 nostra
680 1804 728 1841 ’st
747 1803 923 1853 publica.
911 1803 930 1827 ‘³

583 1859 716 1895 Demi.
744 1857 847 1894 Hei!
878 1856 973 1908 perii
990 1856 1132 1895 miser!
1163 1858 1215 1895 26

103 1912 200 1948 Eut.
225 1909 497 1949 Adolescentoe
512 1910 567 1949 rei
585 1910 749 1962 agundae
766 1910 828 1948 isti
847 1909 970 1962 magis
988 1910 1109 1949 solent
1126 1923 1214 1961 ope-

265 1975 348 2000 ram
367 1963 468 2002 dare.

104 2017 240 2055 Demi.
270 2017 300 2055 J
301 2028 366 2054 am
393 2018 561 2065 obsecro,
593 2016 699 2055 vobis
731 2015 907 2068 (hercle)
914 1984 1089 2068 zabae,
1127 2030 1215 2057 cum

271 2068 362 2121 [spo
362 2070 429 2108 rtis
431 2069 465 2122 ‚]
484 2083 573 2109 cum
595 2069 738 2109 fiscina.

112 2125 211 2164 Eut.
242 2122 377 2164 Redde
393 2123 497 2164 filio·
527 2123 598 2164 sibi
617 2123 766 2163 habeat.

993 2186 1022 2214 12
1041 2177 1066 2212 3
