1435 2400
198 84 247 119 44
547 82 824 125 EPIDICUS.
856 82 890 119 Ι.
924 83 956 119 1.

189 188 307 237 Estid.
338 187 443 234 Quid
461 189 478 225 Ρ
506 188 623 226 istanc
641 201 759 239 quam
777 187 882 236 emit,
903 188 1036 238 quanti
1055 199 1137 226 eam
1156 190 1276 230 emit?

580 242 689 281 Thes.
718 241 813 279 Vilj.

735 296 854 344 Epid.
885 295 1003 334 Haud
1022 295 1116 333 istuc
1135 302 1172 335 te
1189 310 1297 349 rogo.

197 348 306 385 Thes.
336 346 443 394 Quid
461 348 576 398 igitur
591 350 607 386 ‚⁹

348 402 467 451 Epid.
497 400 603 447 Quot
620 400 761 438 minis?

512 455 621 492 lees.
650 454 740 491 Tot.

637 508 756 556 Epid.
786 507 1050 558 Quadraginta
1066 509 1208 547 minis!
1239 511 1291 549 50

194 561 306 599 Thes.
339 560 388 598 Id
413 559 506 598 adeo
531 568 733 611 argentum
761 562 809 599 ab
834 561 983 599 danista
1009 561 1113 611 apud
1139 562 1294 602 Thebas

345 614 479 651 sumsit
504 614 656 662 foenore,

189 667 236 705 In
256 667 334 706 dies
352 667 550 718 minasque
568 667 712 718 argenti
731 667 911 719 singulas,
931 668 1110 706 nummis.

1007 722 1126 771 Epid.
1149 722 1289 773 Papae!

191 774 300 811 Thes.
332 774 385 812 Et
402 774 434 812 is
452 773 600 811 danista
617 773 769 812 advenit
785 774 864 812 una
881 787 967 813 cum
990 787 1047 823 eo,
1067 775 1134 826 qui
1159 788 1292 827 argen-

345 835 427 864 tum
475 835 549 865 etit.

185 882 305 931 Epid.
336 880 404 918 Dii
422 841 654 919 ixiimortales
671 881 680 918 Σ
711 887 754 918 ut
771 894 839 931 ego
857 880 980 918 interii
998 880 1151 918 basilice
1169 881 1179 918 !

616 935 726 972 lees.
755 933 862 982 Quid
881 935 995 983 jam?
1025 942 1092 972 aut
1110 933 1203 985 quid
1222 940 1290 983 est,

186 986 349 1037 Epidice
361 986 379 1022 ἲ
988 1013 994 1021 -.
1015 1002 1028 1014 ⁸

291 1041 409 1090 Epid.
442 1039 612 1078 Perdidit
630 1053 704 1078 me.

438 1094 549 1131 Thes.
582 1093 707 1136 Quis?

547 1148 666 1196 Epid.
696 1146 780 1191 Ille,
802 1146 870 1197 qui
887 1145 1051 1196 perdidit
1067 1158 1187 1185 arma.

961 1200 1079 1238 Thes?
1100 1199 1206 1238 Nam
1239 1202 1291 1239 55

192 1252 299 1296 Quid
319 1253 372 1291 ita
385 1252 403 1289 ἲ

416 1307 536 1357 Epid.
565 1306 668 1350 Quia
685 1306 818 1345 cotidie
836 1306 916 1358 ipse
934 1306 982 1344 ad
1000 1319 1062 1344 me
1079 1307 1127 1344 ab
1144 1306 1292 1357 legione
1323 1331 1330 1335 -

501 1359 676 1409 epistolas

182 1412 379 1451 Mittebat.
424 1411 499 1451 Sed
524 1420 667 1450 taceam
685 1420 888 1462 optumum
906 1413 976 1451 ’st:
1011 1411 1099 1463 plus
1117 1412 1209 1452 scire
1232 1426 1292 1451 sa-

344 1466 463 1512 tiu’st‚
485 1478 602 1516 quam
619 1466 726 1517 loqui

182 1517 341 1557 Servum
361 1519 555 1556 hominem
571 1532 581 1556 :
619 1532 662 1557 ea
681 1519 863 1569 sapientia
876 1521 936 1557 ’st.

429 1573 541 1609 Thes.
570 1572 722 1621 Nescio,
745 1571 915 1623 (edepol)
937 1571 1030 1623 quid
1048 1578 1092 1609 tu
1110 1572 1294 1612 timidu's.

184 1624 386 1676 Trepidas,
405 1624 589 1675 Epidice:
619 1625 673 1664 ita
690 1627 835 1664 voltum
853 1632 966 1664 tuum
984 1625 1106 1664 video.
1148 1626 1290 1666 Videre

341 1691 603 1717 commerulsse

183 1731 278 1780 Hic,
296 1744 360 1770 me
377 1733 544 1778 absente,
563 1732 604 1769 in
623 1739 660 1770 te
678 1731 823 1784 aliquid
839 1732 943 1770 mali.

489 1786 608 1835 Epid.
637 1785 781 1824 Poti’n’
799 1793 843 1824 ut
860 1786 1041 1824 molestus
1059 1798 1108 1824 ne
1125 1785 1176 1824 sis
1189 1788 1207 1825 Ρ
1237 1786 1288 1824 60

190 1839 300 1876 Thes.
329 1838 453 1876 Abeo.

395 1893 514 1942 Epid.
539 1889 690 1931 Adsta:
722 1893 824 1931 abire
840 1892 930 1931 hinc
948 1905 1024 1931 non
1047 1893 1184 1932 sinam.

660 1948 771 1984 Thes.
803 1946 908 1989 Quid
925 1958 1028 1984 nunc
1045 1959 1109 1984 me
1126 1945 1290 1985 retines?

184 1999 304 2048 Epid.
332 1998 503 2037 Amatne
521 1998 647 2048 istam,
668 2013 784 2051 quam
804 2000 895 2037 emit
909 2000 956 2038 de
973 1999 1132 2051 praed‘a?

805 2054 915 2091 Thes.
944 2054 1106 2105 Rogas?
1134 2052 1291 2104 deperit.

183 2106 300 2156 Epid-
331 2104 540 2156 Detegetur
558 2105 703 2146 corium
721 2107 769 2146 de
786 2113 890 2158 tergo
908 2119 1006 2145 meo.

294 2160 404 2198 lees.
430 2159 600 2211 Plusque
617 2168 736 2211 amat,
756 2173 874 2212 quam
891 2168 927 2200 te
944 2173 1117 2213 unquam
1136 2159 1293 2200 amavit.
