1435 2400
243 97 323 140 278
510 96 945 138 MOSTELLARIA.
973 97 1035 139 11.
1064 98 1100 137 1.

243 201 490 254 Conspicatus
521 217 618 243 sum.
675 205 804 243 Herus
832 203 983 243 advenit
1009 216 1174 256 peregre·
1230 202 1349 242 Periit

404 258 547 295 Tranio
562 259 572 295 2

242 308 388 360 Ecquis
411 311 525 349 homo
549 319 617 358 est,
638 311 704 362 qui
724 311 844 350 facere
861 310 1007 361 argenti
1025 311 1153 362 cupiat
1174 310 1348 361 aliquan-

402 370 485 401 tum
504 364 613 412 lucri,

244 414 326 461 Qui
344 415 454 454 hodie
473 430 553 455 sese
571 417 775 456 excruciari
792 429 918 455 meam
937 417 1057 455 vicem
1074 417 1192 467 possit
1208 415 1289 468 pati
1302 418 1320 454 Ρ

244 468 323 505 Ubi
342 478 432 507 sunt
450 470 510 508 isti
528 471 784 521 plagipatidae‚
805 470 1050 508 ferritribaces
1069 470 1139 507 viri
1153 473 1170 508 Ρ

243 520 318 558 Vel
336 522 412 568 isti,
428 524 494 574 qui
507 524 637 571 hastis,
652 524 768 562 trium
783 535 1030 562 nummorum
1044 523 1170 571 causa,
1187 524 1351 561 subeunt

400 578 472 614 sub
491 577 598 623 falas,
1298 575 1349 613 10

242 626 322 665 Ubi
340 628 458 679 aliqui
477 628 677 680 quindenis
694 629 810 666 hastis
829 641 963 678 corpus
982 629 1150 680 transfigi
1171 630 1291 667 solent
1304 630 1323 666 Ρ

241 680 329 731 Ego
356 681 454 720 dabo
482 682 516 720 ei
543 683 742 730 talentum,
769 682 915 733 primus
944 683 1012 734 qui
1037 683 1078 720 in
1105 695 1256 720 crucem
1284 694 1351 720 ex·

403 744 606 774 cucurrerit
622 749 634 779 ς

242 787 317 826 Sed
336 786 379 825 effi
396 789 492 839 lege,
513 797 556 826 ut
574 789 774 839 affigantur
791 788 849 826 bis
868 788 995 839 pedes,
1016 789 1074 826 bis
1092 788 1258 826 brachia.

241 841 321 879 Ubi
347 841 385 878 id
402 843 470 879 erit
488 841 646 888 factum,
667 855 689 879 a
706 854 769 879 me
787 849 987 892 argentum
1014 841 1130 892 petito
1148 847 1350 892 praesenta-

399 907 512 932 num.

240 946 315 985 Sed
333 960 402 998 ego
421 960 556 985 sumne
579 947 644 985 ille
666 947 814 994 infelix,
840 947 908 998 qui
934 959 1010 984 non
1035 959 1143 985 curro
1161 947 1349 985 curriculo

400 1001 557 1038 domum
572 1003 589 1038 Ρ
1300 1001 1348 1037 15

240 1054 388 1092 ΡῘιιἹοῑ.
415 1054 538 1091 Adest
562 1053 762 1105 opsonium
779 1068 789 1091 :
828 1065 973 1101 eccum,
1004 1052 1148 1091 Tranio
1179 1067 1202 1092 a
1235 1061 1349 1104 portu

398 1107 506 1145 redit.

247 1161 366 1198 Tran.
398 1160 649 1198 Philolaches.

401 1215 546 1252 Philol.
577 1213 684 1261 Quid
702 1215 789 1252 est?

566 1269 686 1305 Tran.
715 1267 770 1305 Et
787 1279 858 1317 ego
875 1273 914 1304 et
931 1273 972 1304 tu
991 1293 1001 1303 .
1018 1293 1029 1303 .
1050 1292 1061 1303 .
1081 1291 1092 1302 .

703 1322 851 1360 Philol.
877 1319 985 1368 Quid
1005 1322 1033 1342 ‘⁶
1053 1326 1090 1356 et
1108 1331 1177 1370 ego
1196 1326 1233 1357 et
1251 1326 1292 1357 tu
1303 1319 1349 1356 ?”

997 1374 1118 1410 Tran.
1147 1372 1350 1412 Periimus.

240 1427 386 1464 Philol.
418 1426 524 1473 Quid
543 1426 623 1465 ita?

435 1483 555 1518 Tran.
585 1481 700 1518 Pater
718 1479 836 1518 adest.

590 1535 736 1571 Plzilol.
766 1532 872 1580 Quid
891 1543 960 1583 ego
978 1544 1026 1570 ex
1043 1538 1081 1569 te
1098 1530 1211 1569 audio
1223 1531 1242 1568 ⁶?

424 1630 434 1641 .
848 1587 970 1623 Tran.
997 1584 1183 1622 Absumti
1200 1597 1346 1624 sumus.

239 1639 353 1678 Pater
371 1638 569 1691 (inquam)
587 1647 676 1677 tuus
693 1639 807 1677 venit.

501 1694 644 1731 Pltilol.
673 1692 753 1730 Ubi
772 1698 827 1730 est
844 1692 876 1729 is
890 1693 908 1730 ἓ
937 1692 1089 1729 obsecro
1111 1698 1160 1729 te.

1059 1746 1182 1782 Tran.
1209 1744 1347 1784 Adest.

238 1798 384 1836 Philol.
412 1798 512 1846 Quis
529 1798 570 1836 id
588 1798 668 1836 ait?
696 1798 782 1850 quis
799 1797 921 1836 vidit?

473 1854 595 1889 Tran.
622 1853 789 1903 Egomet
810 1850 1006 1902 (inquam)
1027 1850 1118 1889 vidi.

878 1906 1020 1944 Philoz.
1050 1904 1126 1943 Vae
1142 1902 1265 1942 mihi!
1296 1906 1349 1944 20

235 1956 343 2005 Quid
361 1971 430 2008 ego
447 1971 519 2009 ago
532 1960 550 1997 ?

419 2014 539 2050 Tran.
568 2012 673 2050 Nam
693 2011 787 2063 quid
805 2019 848 2050 tu
872 2011 1038 2060 (malum
1054 2009 1089 2063 !)
1109 2023 1177 2050 me·
1188 2011 1344 2062 rogitas,

514 2065 608 2116 quid
627 2078 718 2116 agas
730 2065 748 2102 ’Β
775 2065 968 2104 Accubas.

237 2118 380 2155 Philol.
407 2117 514 2156 Tun'
536 2118 663 2157 vidisti
677 2121 695 2156 ?

494 2173 614 2210 Tran.
644 2172 823 2222 Egomet,
843 2172 1014 2222 inquam.
