1435 2400
419 9 761 50 MERCATOR.
789 10 849 48 ΙΙ.
876 10 915 47 3.
1144 8 1219 46 155

114 115 295 167 Mihique
325 117 513 165 objectent
543 116 774 155 lenocinium
805 115 938 154 facere.
995 116 1101 155 Nam
1127 113 1222 166 qnid

275 182 318 207 eo
334 169 382 207 'st
400 169 523 219 opus?
1169 168 1221 212 76

121 224 239 263 Char.
268 223 421 269 Hercle,
439 222 533 274 quin
559 229 598 260 tu
623 230 720 262 recte
741 222 854 261 dicis:
885 231 922 261 et
946 222 1015 261 tibi
1042 221 1222 260 assentior

113 329 189 370 Sed
207 289 382 381 quidgiila
399 341 501 367 nunc
517 329 609 367 fiet?

432 384 567 422 Demi.
595 383 726 421 Recte.
764 383 850 434 Ego
869 394 994 421 emero
1011 381 1126 420 matri
1145 388 1221 419 tuae

113 436 310 475 Ancillam
341 435 547 501 viraginem
584 437 754 488 aliquam
788 448 865 475 non
901 436 1060 484 malam,
1097 435 1221 473 forma

115 543 171 582 Ut
186 489 518 604 magglagddeoet
534 542 712 592 familias,
731 550 798 582 aut
816 544 966 595 Syram,
987 550 1054 582 aut
1071 542 1221 593 AEgyp-

114 649 177 688 Ea
191 604 511 697 molggzlonficiet
529 661 704 700 pensum,
725 650 894 701 pinsetur
911 650 1052 700 flagro,
1042 663 1052 672 ·
1083 597 1222 699 nqug

115 703 276 754 Propter
293 715 391 750 eam,
418 703 630 754 quidquam
652 703 797 742 eveniet
820 703 957 742 nostris
983 703 1128 741 foribus
1155 702 1223 740 fla-

120 757 420 857 Clear.Q1iid
390 810 423 848 si
441 810 557 883 igitur
574 809 753 848 reddatur
770 810 842 858 illi,
861 810 963 849 unde
981 816 1083 849 emta
1099 811 1186 848 est?

672 859 822 902 Demi.
852 864 1019 902 Minime
1038 863 1223 914 gentium.

119 917 238 955 Char.
267 915 380 954 Dixit
398 929 437 955 se
454 884 661 964 redhibere,
681 918 713 955 si
730 929 806 955 non
824 918 980 978 placeat,

670 973 802 1008 Demi.
830 971 942 1008 Nihil
958 972 1050 1008 istoc
1068 983 1142 1021 opu
1147 970 1218 1007 ’·st
1209 998 1219 1007 .

116 1021 285 1073 Litigare
302 1024 389 1061 nolo
409 1035 478 1074 ego
497 1036 573 1061 vos.
614 1022 747 1070 Quam
773 1030 880 1061 tuam
904 1031 1031 1062 autem
1057 1023 1222 1061 accusari

118 1128 250 1168 Multo
270 1075 448 1180 (2333),
469 1128 501 1166 si
527 1129 620 1180 quid
641 1129 862 1168 faciundum
878 1130 940 1178 ’st,
968 1130 1087 1168 facere
1114 1077 1221 1166 ᾶαιῗιῗ

117 1234 248 1283 Quam
266 1183 625 1286 dgprsszcggientum
653 1244 719 1275 aut
743 1236 932 1314 flagitium
957 1235 1141 1274 muliebre
1167 1234 1221 1273 ef-

117 1340 190 1380 Me
207 1289 524 1394 ἀδίΐΐηῗῖἲξεε
545 1343 679 1394 opinor
695 1322 887 1382 luculente
904 1342 1074 1381 vendere.

120 1396 241 1434 Char.
284 1395 393 1433 Dum
421 1396 576 1457 quidem
606 1398 621 1448 (
637 1397 780 1448 hercle)
806 1409 854 1435 ne
883 1397 1040 1435 minoris
1068 1396 1221 1445 vendas,

117 1504 251 1541 Demi.
276 1450 759 1543 ῗέοἳιξιὲοῗίξῐῗίεεξέξὲπ
776 1503 947 1557 quidam,
971 1503 1038 1555 qui
1058 1502 1195 1555 [illam,
1202 1505 1219 1555 ]

276 1556 471 1594 mandavit
484 1557 594 1603 mihi,
1170 1559 1222 1595 90

115 1609 173 1648 Ut
187 1622 350 1648 emerem
369 1609 417 1647 ad
434 1610 553 1648 istanc
571 1610 717 1649 faciem.

345 1664 464 1702 Char.
492 1664 549 1701 At
567 1664 663 1702 mihi
681 1664 838 1715 quidam
856 1664 1080 1710 adolescens,
1100 1670 1220 1714 pater,

117 1714 344 1777 Mandavit,
357 1716 407 1754 ad
432 1717 539 1755 illam
567 1718 716 1766 faciem,
739 1718 794 1756 ita
811 1726 856 1756 ut
879 1719 946 1757 illa
967 1726 1037 1765 est,
1058 1729 1221 1756 emerem

117 1822 250 1859 Demi.
275 1771 510 1915 ῗιὲίςὶιιῐίυ
443 1824 558 1863 minis
575 1825 707 1876 opinor
723 1837 830 1876 posse
848 1838 909 1863 me
927 1825 1032 1863 illam
1051 1823 1224 1862 vendere.

121 1875 242 1913 Char.
275 1875 329 1912 At
341 1889 446 1936 ego
531 1879 605 1918 .Si
622 1878 782 1927 velim,
766 1891 849 1929 jam
868 1878 1006 1916 dantur
1024 1885 1167 1929 septem
1186 1884 1223 1914 et

276 1929 408 1979 viginti
425 1931 551 1969 minae.

117 1982 250 2019 Demi.
277 1982 335 2019 At
354 1995 453 2033 ego.

175 2036 294 2074 Char.
325 2036 432 2083 Quin
451 2049 534 2088 ego,
555 2037 714 2089 inquam
732 2065 744 2076 .
765 2067 775 2077 .
795 2065 807 2076 .
826 2064 837 2075 .

253 2091 385 2128 Demi.
403 2090 462 2128 At
479 2090 611 2140 nescis,
627 2090 722 2142 quid
739 2091 909 2130 dicturus
921 2102 1032 2129 sum:
1052 2098 1144 2128 tace·
1171 2089 1222 2125 95
