1435 2400
422 71 555 125 ΜΕΝ
557 71 819 111 AECHMEI.
854 71 905 110 V.
934 75 977 112 9.
1182 72 1258 110 135

135 176 270 227 Usque
298 176 424 215 adhuc
447 177 620 228 quaesivi,
646 190 840 229 quemque
858 191 929 229 ego
952 192 1030 218 esse
1056 178 1257 217 inventum

135 264 234 321 Dies.
263 231 460 331 Ηῗξιὲῗαῗ
477 284 581 336 quod
598 284 679 323 haec
697 292 734 322 te
759 284 940 324 meretrix
964 284 1082 335 hujus
1099 287 1257 350 vocabat

137 389 257 428 Hunc
280 349 466 429 οὲἕέὲῖῗ
485 399 524 430 te
556 403 635 429 esse
665 391 826 441 (credo),
859 404 978 444 quom
1005 398 1113 429 vocat
1146 399 1182 429 te
1201 339 1259 429 {id

299 445 516 494 prandium.

136 498 243 535 lisca.
263 510 368 535 surr.
395 499 579 550 Namque
603 497 770 549 (edepol)
795 499 861 538 hic
892 497 990 536 mihi
1021 497 1137 536 hodie
1161 498 1258 547 jussi

298 551 502 602 prandium
521 552 751 603 appararier,

136 605 252 644 Clam
277 617 405 643 meam
428 618 603 654 uxorem,
623 606 715 657 quoi
740 606 887 658 pallam
915 605 1082 657 surripui
1107 604 1256 644 dudum

139 713 241 752 Eam
259 658 466 751 deditiiiiic.

240 768 356 805 Men.
376 768 460 806 Sos.
492 766 669 815 Hancne,
685 766 794 816 dieis,
815 767 944 815 frater,
961 767 1121 820 pallam,
1137 778 1256 818 quam

140 874 255 912 Men.
272 887 379 912 surr.
403 820 716 921 {Zdffigissziaec
734 874 783 913 ad
802 882 839 913 te
856 874 1028 927 pervenit
1041 877 1059 914 ?

433 930 548 966 Men.
569 929 653 966 Sos.
682 928 869 967 Meretrix
888 928 965 966 huc
984 928 1032 966 ad
1049 927 1255 980 prandium

138 980 210 1018 Me
228 980 414 1018 abduxit:
444 993 509 1019 me
531 981 605 1019 sibi
629 981 777 1019 dedisse
806 982 941 1020 aiebat.
999 981 1144 1019 Prandi
1170 994 1258 1032 per-

141 1086 290 1134 Potavi,
299 1035 434 1137 baetlifu'e
459 1086 620 1124 accubui
653 1095 842 1126 scortum:
877 1087 1036 1138 pallam,
1062 1094 1099 1125 et
1119 1035 1258 1125 aur31i1

297 1139 383 1186 hoc,
404 1139 501 1176 mihi
518 1139 631 1177 dedit.

140 1194 253 1230 Μεη.
273 1206 379 1230 surr.
408 1192 567 1231 Gaudeo
591 1192 773 1244 (edepol),
803 1193 834 1232 si
863 1192 972 1245 quid,
999 1200 1153 1244 propter
1178 1205 1257 1241 me,

299 1246 370 1284 tibi
388 1245 511 1284 evenit
528 1246 619 1284 boni
633 1261 644 1283 :

138 1299 245 1337 Nam
262 1298 343 1345 illa,
363 1312 481 1350 quom
500 1306 537 1336 te
555 1298 604 1336 ad
623 1312 662 1337 se
680 1302 851 1346 vooebat,
871 1312 934 1337 me
952 1311 1032 1337 esse
1049 1299 1220 1337 credidit.

138 1354 244 1390 illes.
272 1352 478 1403 Numquid
504 1363 566 1390 me
583 1365 745 1400 morare,
766 1354 860 1405 quin
880 1365 949 1404 ego
966 1353 1076 1401 liber,
1104 1360 1149 1390 ut
1172 1353 1256 1401 jus-

298 1405 392 1453 sisti,
413 1404 527 1443 eam?
1202 1407 1254 1443 85

137 1460 254 1497 Μεη.
275 1472 318 1496 su
325 1472 380 1497 rr.
403 1458 624 1509 Optumum
643 1467 757 1510 atque
771 1459 1048 1511 aequissumum
1066 1466 1162 1509 orat,
1178 1458 1255 1496 fra-

298 1520 377 1550 ter:
408 1512 467 1550 fac
485 1512 600 1550 causa
619 1513 720 1552 mea.

142 1566 256 1603 Men.
276 1564 355 1603 Sos.
384 1565 502 1604 Liber
520 1573 614 1604 esto.

382 1620 528 1657 Servus
547 1620 660 1657 alius.
689 1618 823 1667 Quom
841 1626 884 1658 tu
902 1618 998 1658 liber
1017 1631 1071 1667 ω,
1090 1618 1256 1670 gaudeo,

567 1672 774 1711 Messenio.

146 1726 245 1762 Ales.
276 1725 351 1763 Sed
376 1726 531 1764 meliore
549 1733 604 1764 est
622 1739 718 1777 opus
742 1725 926 1778 auspicio,
951 1725 1048 1763 liber
1072 1733 1257 1776 perpetuo

301 1786 344 1816 ut
362 1790 468 1817 slem.

139 1832 253 1869 Ilien.
273 1833 356 1870 Sos.
388 1831 585 1879 Quoniam
614 1833 697 1871 haec
722 1839 942 1881 evenerunt,
969 1831 1098 1880 frater,
1125 1831 1255 1870 nostra

301 1897 349 1922 ex
369 1886 569 1932 sententia,

138 1937 188 1975 In
208 1938 370 1989 patriam
388 1937 586 1978 redeamus
604 1941 731 1978 ambo.

337 1991 444 2028 Men.
460 2005 563 2030 surr.
592 1993 739 2041 Frater,
759 1991 913 2039 faciam,
933 1999 979 2030 ut
996 1999 1039 2029 tu
1060 1992 1173 2029 voles.
1202 1991 1255 2029 90

136 2043 369 2083 Auctionem
405 2043 468 2082 hic
503 2044 655 2094 faciam,
689 2054 726 2085 et
761 2046 924 2085 vendam
960 2045 1149 2097 quidquid
1186 2050 1259 2081 est.

300 2098 342 2135 N
343 2109 418 2135 unc
435 2097 587 2138 interim

137 2149 286 2190 Eamus
304 2151 418 2200 intro,
437 2150 564 2191 frater.
