1435 2400
210 74 288 113 330
596 74 790 112 PERSA.
821 73 882 112 11.
910 75 949 110 2.

1051 182 1161 229 Paeg.
1189 179 1331 219 Lubet.

225 233 438 284 Nunquam
460 232 631 284 (hercle)
648 234 744 271 istuc
770 233 1021 272 exterebrabis
1046 241 1103 280 tu,
1129 239 1174 271 ut
1197 233 1245 271 sis
1265 246 1333 284 pe-

378 288 452 335 jor,
473 299 590 338 quam
607 299 676 338 ego
694 287 799 325 siem.
1279 288 1331 323 55

229 339 344 390 soph.
370 340 526 378 Malitia
544 347 682 379 certare
700 346 841 385 tecum,
860 339 1011 377 miseria
1022 339 1082 377 'st.

829 394 941 442 Poeg.
970 392 1088 430 Merx
1105 399 1149 431 tu
1167 392 1271 431 mala
1286 403 1339 432 es-

233 446 350 497 Soph.
378 445 486 494 Quid
505 454 573 495 est,
594 446 696 497 quod
716 446 892 484 metuas?

439 501 551 549 Paeg.
578 499 687 538 Idem
707 499 814 542 istuc,
835 499 937 550 quod
958 507 1010 536 tu.

781 555 896 602 Soph.
927 553 1003 590 Dic
1022 564 1124 602 ergo,
1145 551 1239 603 quid
1257 552 1340 591 est?

236 606 346 654 Paeg.
376 605 439 643 Ne
466 605 538 644 hoc
569 606 777 658 quoiquam
809 606 954 643 homini
985 605 1181 653 edicerem,
1213 618 1345 645 omnes

393 659 492 696 muti
505 666 549 697 ut
566 660 812 710 loquerentur
830 660 947 710 prius.

239 712 354 762 Soph.
373 711 427 750 Et
446 712 611 750 edictum
628 711 676 751 ’st
692 725 922 764 magnopere
939 711 1050 759 mihi,
1069 723 1117 750 ne
1136 712 1345 764 quoiquam

399 765 545 803 homini
564 765 778 811 crederem3

240 817 386 857 Omnes
417 818 516 856 muti
543 826 586 855 ut
607 819 850 869 loquerentur
877 819 982 870 prius
1006 818 1092 867 hoc,
1118 831 1237 869 quam
1265 831 1348 869 ego.

401 871 459 909 At
477 879 519 909 tu
542 871 614 909 hoc
631 871 735 910 face:
1296 873 1350 911 60

243 924 338 963 Fide
356 924 445 962 dat&
463 923 674 962 credamus.

488 979 594 1026 Paeg.
623 976 737 1016 Novi.
781 977 928 1016 Omnes
946 986 1034 1016 sunt
1051 978 1147 1016 lenae
1163 977 1349 1017 levifidae:

244 1031 382 1082 Neque
400 1030 559 1082 tippulae
572 1031 691 1069 levius
710 1031 859 1083 pondus
870 1038 938 1079 eet,
956 1043 1072 1082 quam
1086 1031 1179 1070 fides
1192 1031 1355 1071 lenonia.

247 1086 361 1135 Soph.
390 1084 480 1133 Dic,
501 1085 649 1123 amabo.

512 1139 623 1187 Poeg.
649 1137 738 1187 Dic,
758 1139 908 1177 amabo.

757 1193 873 1242 Soph.
900 1190 1004 1230 Nolo
1021 1203 1138 1230 ames,

887 1247 1003 1294 Poeg.
1021 1245 1149 1284 Facile
1161 1245 1356 1298 impetras.

251 1299 368 1349 Soph.
395 1297 544 1337 Tecum
562 1298 711 1337 habeto.

518 1354 624 1402 Paeg.
652 1352 707 1390 Et
724 1359 767 1390 tu
786 1351 858 1389 hoc
875 1359 1008 1391 taceto.

787 1406 901 1456 Soph.
929 1405 1110 1445 Tacitum
1127 1406 1210 1446 erit·

1011 1462 1126 1510 Paeg.
1153 1458 1360 1500 Celabitur.

252 1512 368 1562 Soph.
397 1511 540 1550 Toxilo
552 1512 621 1551 has
638 1512 717 1550 fero
736 1513 892 1551 tabellas
909 1519 976 1550 tuo
993 1512 1096 1552 hero.

701 1567 809 1615 Paeg.
835 1565 941 1604 Abi:
973 1566 1146 1605 eccillum
1165 1565 1282 1606 domi.
1308 1568 1362 1605 65

253 1618 313 1655 At
329 1630 399 1669 ego
416 1618 515 1657 hanc
532 1619 582 1656 ad
599 1618 890 1658 Lemniselenen
908 1626 1015 1657 tuam
1036 1619 1168 1658 heram
1187 1620 1365 1672 obsigna-

415 1678 494 1709 tam
512 1672 686 1710 abietem.

258 1725 374 1776 Soph.
403 1724 511 1772 Quid
529 1725 612 1762 istic
630 1725 812 1776 scriptum
826 1727 844 1763 ?
876 1760 880 1761 ⁷

500 1780 614 1827 Paeg.
644 1778 770 1816 Juxta
786 1787 927 1828 tecum,
948 1779 980 1818 si
998 1786 1041 1818 tu
1058 1780 1192 1830 nescis,
1212 1779 1362 1828 nesci03

259 1830 349 1869 Nisi
365 1830 520 1871 fortasse
537 1831 678 1871 blanda
695 1833 820 1870 verba.

613 1886 730 1935 Soplz.
758 1885 882 1924 Abeo.

764 1937 878 1990 Paeg.
905 1940 965 1978 At
982 1953 1053 1992 ego
1069 1941 1207 1980 abiero.

1033 1996 1152 2045 Soph.
1178 1994 1365 2034 Ambula-
