1435 2400
240 71 319 110 326
626 70 821 110 PERSA.
850 70 906 110 ΙΙ.
937 72 976 109 2.

558 179 667 216 Lem.
695 177 818 215 Miser
835 185 905 225 est,
925 177 993 229 qui
1016 185 1130 216 amat.
1295 179 1345 216 1⁰

240 231 357 282 Soph.
385 229 498 269 Certo
523 230 556 269 is
582 231 735 282 quidem
764 230 874 268 nihili
901 240 968 274 est,
998 232 1065 282 qui
1091 229 1187 269 nihil
1214 238 1342 269 amat:
1391 278 1394 283 Ι

405 284 498 336 quid
516 285 550 323 ei
566 284 714 322 homini
733 297 828 333 opus
847 283 924 322 vita
943 284 1027 322 est?

238 338 301 377 Ire
327 338 432 377 decet
458 350 535 383 me,
562 346 607 375 ut
633 337 734 375 herae
755 338 965 388 obsequens
991 337 1096 385 fiam,
1118 337 1237 375 libera
1257 337 1345 375 mea

396 389 509 442 oper&
525 403 639 441 ocyus
657 398 700 428 ut
719 391 779 428 sit.

238 444 472 484 Conveniam
493 456 595 482 nunc
616 444 825 481 Toxilum:
856 445 936 493 ejus
961 443 1099 492 aureis,
1124 457 1210 496 quae
1233 455 1344 482 man-

395 497 483 535 data
501 505 602 545 sunt,
622 499 796 536 onerabo.

492 653 677 693 ACTUS
707 654 766 692 11.
818 652 1001 691 SCENA
1030 650 1088 691 11.

309 762 538 801 Toxuns.
579 761 832 799 PAEGMUM.
874 760 1264 799 SOPHOCLIDISCA.

242 871 338 908 Tox.
372 868 509 908 Sati'n'
535 869 616 906 haec
643 868 712 906 tibi
739 874 828 905 sunt
855 866 971 917 plana
998 873 1035 904 et
1061 867 1189 905 certa?
1216 866 1343 906 sati'u'

392 922 473 960 haec
491 920 695 959 meministi
713 929 750 959 et
768 928 872 958 tenes
889 921 906 957 ?

233 979 347 1025 Paeg.
376 975 536 1022 Melius,
556 988 672 1025 quam
692 974 759 1025 qui
777 972 948 1011 docuisti.

588 1030 677 1066 Tox.
711 1027 821 1065 Ai'n’
840 1038 941 1074 vero,
962 1026 1181 1065 verbereum
1200 1028 1341 1080 caput?

233 1085 350 1133 Paeg.
377 1082 457 1121 Aio
474 1083 677 1120 enimvero.

392 1134 484 1173 Tox.
512 1135 619 1183 Quid
638 1147 726 1185 ergo
743 1133 825 1171 dixi
841 1135 858 1171 .⁹

594 1189 702 1238 Paeg.
732 1187 818 1238 Ego
837 1193 934 1225 recte
952 1185 1056 1237 apud
1072 1185 1179 1225 illam
1197 1187 1340 1227 dixero.

235 1246 334 1284 Tox.
362 1243 453 1281 Non
471 1240 640 1293 (edepol)
662 1241 745 1279 scis.

391 1298 510 1346 Paeg.
540 1295 605 1332 Da
623 1293 793 1342 (hercle)
804 1292 959 1344 pignus,
977 1292 1019 1330 ni
1036 1292 1166 1331 omnia
1181 1293 1342 1332 memini

495 1355 532 1387 et
550 1348 635 1386 scio.
703 1375 710 1379 -

236 1406 333 1442 Toa:
361 1402 569 1454 Equidem,
590 1401 621 1439 si
638 1399 710 1439 scis
728 1406 824 1448 tute,
843 1405 936 1451 quot
953 1399 1093 1438 habeas
1110 1399 1223 1438 hodie
1240 1399 1338 1489 digi5-

386 1464 444 1494 tos
461 1456 502 1493 in
520 1467 652 1501 manu,

226 1509 288 1548 Eo
305 1509 392 1548 dem
411 1509 550 1560 pignus
569 1515 709 1546 tecum.

533 1562 643 1611 Paeg.
667 1560 876 1607 Audacter,
897 1559 930 1598 si
947 1558 1079 1598 lubido
1097 1566 1152 1597 ωε
1168 1558 1335 1609 perdere.

233 1618 331 1654 Tooe.
361 1616 473 1653 Bona
490 1628 566 1666 pax
586 1615 636 1652 sit
652 1614 790 1664 potius.

495 1670 604 1717 Paeg.
634 1667 738 1705 Tum
757 1672 799 1704 tu
818 1665 935 1715 igitur
953 1665 1032 1704 sine
1049 1678 1112 1704 me
1125 1666 1191 1703 ire.

856 1721 951 1757 Tooe.
980 1718 1035 1756 Et
1049 1720 1166 1768 jubeo
1184 1725 1222 1757 et
1239 1719 1335 1759 sino.

222 1775 297 1815 Sed
315 1776 368 1813 ita
387 1775 473 1812 volo
491 1781 528 1812 te
546 1786 687 1820 curare,
707 1780 751 1810 ut
768 1772 871 1810 domi
892 1773 954 1817 sis,
974 1785 1092 1823 quom
1111 1785 1180 1823 ego
1199 1779 1237 1811 te
1255 1786 1333 1812 esse

379 1828 436 1866 mi
453 1839 638 1866 censeam.

221 1885 327 1933 Pcrg.
355 1881 524 1920 Faciam.

332 1937 427 1974 Tox.
457 1934 547 1981 Quo
566 1946 653 1984 ergo
670 1933 701 1971 is
719 1945 847 1971 nunc.
838 1935 855 1961 ⁹

539 1989 648 2036 Paeg.
675 1986 874 2031 Domum;
903 1985 961 2024 uti
980 1985 1083 2024 domi
1103 1985 1189 2033 sim,
1210 1998 1327 2037 quom

639 2039 696 2077 illi
715 2052 876 2078 censeas.

220 2099 317 2134 Tox.
346 2094 477 2134 Scelus
499 2102 541 2131 tu
560 2093 668 2145 pueri
687 2106 749 2131 es:
781 2101 909 2145 atque,
936 2094 985 2131 ob
1008 2092 1121 2131 istam
1139 2102 1235 2138 rem,
1255 2102 1325 2140 ego

372 2147 516 2199 aliquid
534 2157 570 2186 te
587 2146 796 2198 peculiabo.
1272 2143 1322 2180 10
