1435 2400
302 67 482 107 MILES
511 67 844 106 GLORIOSUS.
876 67 950 105 IV.
979 70 1016 105 5.
1138 69 1216 112 247

105 177 195 214 Pal.
214 175 301 225 Ego
315 174 373 212 illi
386 174 524 224 dicam,
538 181 582 212 ut
595 184 659 211 me
670 172 896 222 adjutorem,
910 174 977 225 qui
989 186 1084 212 onus
1097 173 1216 213 feram

261 227 311 265 ad
329 236 497 278 portum,
517 232 636 278 roget.

98 282 172 321 Ille
186 281 336 331 jubebit
354 294 417 319 me
434 281 488 319 ire
506 293 594 319 cum
613 278 682 317 ina
699 279 749 317 ad
775 286 940 330 portum.
997 281 1084 332 Ego
1102 281 1210 329 adeo,

257 345 302 372 ut
319 341 362 372 tu
381 334 488 381 scias,
1156 338 1208 374 55

96 388 282 426 Prorsum
299 387 474 426 Athenas
492 387 664 439 protinus
682 387 795 425 abibo
813 396 952 424 tecum.

548 441 682 478 Pleas.
709 441 856 491 Atque,
878 440 945 477 ubi
963 440 1029 478 illo
1047 441 1206 488 veneris,

97 495 291 533 Triduum
314 506 438 532 unum
460 494 597 533 servire
614 505 814 545 nunquam
841 500 892 542 te,
913 493 1007 545 quin
1030 493 1126 532 liber
1144 495 1205 539 sis,

251 560 386 586 smarn-

92 602 185 639 Pal.
212 601 295 640 Abi
313 601 400 647 cito,
420 608 535 652 atque
553 612 646 639 orna
663 608 712 639 te.

359 655 492 692 Pleus.
521 654 727 706 Numquid
745 654 849 692 aliud
864 655 881 691 ?

672 710 764 746 Pal.
796 708 894 746 Haec
912 713 956 745 ut
973 706 1202 746 memineris.

90 763 222 800 Pleus-
252 762 378 800 Abeo.

266 817 358 854 Pal.
384 816 440 854 Et
458 828 523 854 vos
540 816 640 854 abite
658 815 746 854 hinc
764 815 862 854 intro
879 821 1076 861 actutum3
1107 827 1198 853 nam

376 869 488 907 illum
505 869 595 908 hinc
613 876 670 907 sat
687 869 762 907 scio

83 922 178 961 Jam
198 923 390 960 exiturum
410 936 489 961 aese
505 923 624 960 intus.

189 977 309 1014 Acro.
338 975 493 1014 Celebre
511 976 614 1026 apud
632 988 700 1014 nos
718 976 921 1028 imperium
936 983 1052 1014 tuum
1062 976 1124 1014 'st-
1143 976 1194 1014 60

84 1030 175 1067 Pal.
204 1029 336 1080 Agite,
364 1029 553 1068 abscedite
571 1041 670 1080 ergo.
724 1028 825 1068 Eece
843 1036 972 1067 autem
994 1029 1193 1067 commodo

244 1083 410 1134 aperitur
427 1082 541 1120 foris:

80 1136 243 1174 Hilarus
271 1137 373 1181 exit3
411 1136 638 1187 impetravit.
692 1136 837 1184 Inhiat,
868 1135 971 1188 quod
1003 1148 1192 1188 nusquam

242 1198 311 1237 oet,
330 1201 454 1228 m1ser.

329 1348 515 1388 ACTUS
543 1347 607 1386 IV
609 1373 619 1384 .
674 1347 861 1387 SCENA
889 1349 941 1388 V.

251 1455 684 1494 PYRGOPOLINICES.
719 1455 1016 1493 PALAEsTmo.

77 1564 210 1612 Pyrg.
228 1561 346 1610 Quod
359 1563 481 1611 volui,
501 1569 545 1601 ut
562 1563 661 1610 volo,
682 1561 882 1613 impetravi
898 1574 965 1613 per
983 1561 1188 1600 amicitiam

237 1623 274 1653 et
291 1617 453 1666 gratiam

77 1668 118 1706 A
138 1668 429 1707 Philocomasio.

205 1724 297 1760 Pal.
328 1722 527 1770 Quidnam
546 1729 624 1760 tam
643 1722 747 1760 intus
764 1720 881 1760 fuisse
897 1728 934 1759 te
950 1721 1075 1759 dicam
1093 1721 1189 1760 diu?

78 1777 210 1824 Pyrg.
240 1776 454 1827 Nunquam
480 1789 549 1828 ego
577 1788 640 1813 me
668 1784 748 1813 tam
777 1775 877 1813 sensi
904 1775 1037 1824 amari,
1070 1788 1188 1827 quam

120 1877 122 1879 v
238 1840 340 1867 nunc
357 1831 405 1867 ab
423 1830 490 1868 illa
507 1829 679 1868 muliere.

79 1883 172 1920 Pal.
200 1881 307 1929 Quid
321 1882 431 1931 jam?

381 1937 510 1986 Pyrg.
536 1936 593 1974 Ut
609 1935 733 1974 multa
750 1937 864 1975 verba
881 1935 994 1975 fecit!
1024 1944 1068 1974 ut
1085 1936 1187 1974 lenta

506 1991 681 2028 materies
699 1989 772 2028 fuit
787 1991 797 2028 !

77 2041 226 2081 Verum
237 2049 427 2094 postremo
437 2042 649 2093 impetravi,
664 2051 708 2081 ut
722 2043 825 2082 volui
837 2058 849 2089 ς
871 2043 1083 2095 donavique
1097 2042 1145 2087 ei,
1166 2043 1190 2077 5

82 2095 187 2144 Quae
215 2096 350 2143 voluit,
380 2110 466 2148 quae
497 2097 715 2148 postulavit.
770 2097 833 2136 Te
854 2110 1008 2149 quoque
1033 2095 1068 2134 ei
1092 2095 1191 2133 dono

241 2149 342 2188 dedi.
