1435 2400
456 60 758 101 CURCULIO.
786 62 821 101 1.
854 63 888 101 1.
1201 63 1226 99 3

403 220 588 260 ACTUS
617 220 651 259 Ι.
706 220 891 260 SCENA
913 221 947 260 I.

353 327 637 365 PAmnunvs.
676 327 998 366 PHAEDROMUS.

123 431 256 470 Palin.
284 431 375 481 Quo
392 432 456 472 ted
472 433 544 472 hoc
562 432 681 472 noctis
698 432 824 471 dicam
841 434 1023 485 proficisci
1039 433 1139 472 foras

122 483 223 522 Cum
240 485 333 525 istoc
351 494 500 534 ornatu,
521 499 685 538 cumque
702 486 774 525 hac
790 487 947 538 pome
970 487 1196 527 Phaedrome
1209 491 1228 527 ἓ

124 539 262 576 Phaed.
297 539 391 588 Quo
415 540 550 579 Venus
573 539 799 592 Cupidoque
819 540 996 592 imperat,
1022 541 1230 593 suadetque

281 605 403 631 amor.

123 644 166 682 Si
181 645 306 684 media
323 645 400 684 nex
417 654 485 690 est,
505 646 583 685 sive
600 654 655 685 aet
671 646 796 698 prima
814 659 968 698 vaepera
982 660 995 693 ;

121 697 162 736 Si
180 706 299 737 status
317 700 509 738 condIctus
528 713 617 738 cum
635 700 741 738 hoste
758 700 954 739 intercedit
975 700 1067 747 dieS,
1203 702 1229 738 5

122 751 271 790 Tamen
291 761 345 791 aet
364 753 546 802 eundum,
567 766 644 805 quo
661 754 863 805 imperant,
887 753 1072 805 ingratiis.

125 806 261 843 Palin.
289 807 349 844 At
366 806 519 845 tandem
539 807 693 845 tandem
712 832 724 845 .
748 834 760 845 .
778 832 790 844 .
812 835 824 846 .

529 861 670 899 Phaed.
698 859 875 898 Tandem
894 873 932 899 es
950 860 1102 899 odiosus
1120 860 1229 898 mihi.

124 913 259 950 Palin.
282 913 305 950 Ι
306 920 388 951 stuc
399 913 553 965 quidem
565 927 634 952 nec
643 914 789 952 bellum
804 915 866 962 ‘st,
881 925 949 952 nec
960 914 1203 953 memorabile
1217 926 1229 951 ι

125 964 229 1004 Tute
244 966 316 1004 tibi
333 979 428 1016 puer
441 980 481 1006 ω
497 981 508 1005 =
537 967 665 1006 lautus
683 967 786 1005 luces
803 980 966 1006 cereum.

125 1019 264 1058 Phoed.
309 1020 434 1070 Egon’
473 1020 711 1072 apicularum
746 1020 862 1072 oper&
896 1028 1116 1071 congoetum
1152 1031 1230 1057 non

284 1073 416 1121 feram,
1181 1073 1230 1111 10

125 1124 190 1162 Ex
208 1123 311 1162 dulci
327 1125 547 1172 oriundum,
566 1125 759 1164 melliculo
776 1125 880 1163 dulci
896 1138 982 1164 meo
998 1128 1016 1163 ?

127 1179 262 1215 Palin.
291 1179 397 1216 Nam
416 1191 494 1230 quo
511 1186 548 1216 te
564 1178 687 1216 dioem
706 1190 775 1228 ego
793 1178 846 1215 ire
859 1181 877 1215 ἓ

746 1231 879 1269 Phaed.
909 1230 951 1267 Si
968 1237 1010 1269 tu
1029 1243 1092 1269 me
1109 1244 1237 1282 roges,

128 1283 285 1333 Dicam,
305 1291 349 1322 ut
366 1284 475 1323 scias.

443 1337 578 1375 Palin.
606 1337 648 1375 Si
665 1336 838 1387 rogitem,
858 1336 952 1387 quid
975 1336 1197 1388 respondeas
1211 1339 1229 1375 :³

128 1391 267 1429 Phaed.
290 1390 377 1429 Hoc
395 1390 594 1441 AEsculapi
613 1389 746 1427 fanum
759 1390 819 1427 ’st.

650 1444 784 1481 Ραίἱιι.
813 1443 907 1480 Plus
922 1444 1004 1492 jam
1022 1455 1122 1481 anno
1141 1443 1225 1481 scio.

128 1498 267 1535 Phaed.
309 1497 414 1535 Huic
444 1509 678 1548 proxumum
709 1495 807 1534 illud
837 1496 976 1535 ostium
1008 1497 1230 1535 occlusissu-

288 1563 411 1588 mum.
1182 1550 1229 1587 15

127 1604 261 1642 Salve:
291 1603 483 1641 valuistin’
505 1616 638 1653 usque,
658 1603 797 1641 ostium
815 1602 1127 1641 occlusissumum
1141 1605 1160 1641 ‚⁹

131 1658 265 1694 Palin.
295 1657 475 1695 Caruitne
493 1657 607 1694 febris
626 1664 662 1695 te
674 1656 769 1704 heri,
789 1656 849 1694 vel
866 1656 1007 1694 nudius
1024 1656 1154 1694 tertius
1168 1658 1186 1694 ?

132 1710 184 1748 Et
198 1710 279 1748 heri
296 1709 562 1748 coenavistine?

554 1763 688 1801 Phaed.
715 1762 923 1801 Deridesne
935 1774 997 1800 me
1009 1761 1028 1798 Ρ

132 1817 265 1854 ΡαΙὶη.
294 1816 400 1864 Quid
428 1824 471 1854 tu
498 1829 600 1867 ergo,
628 1817 772 1863 insane,
800 1816 952 1867 rogitas,
980 1815 1150 1854 valeatne
1172 1827 1234 1855 os-

130 1923 269 1960 Plaaed.
287 1869 576 1960 tgelnlipssumum
595 1920 768 1973 (hercle)
791 1919 884 1969 vidi,
912 1928 950 1959 et
976 1921 1236 1961 tacimrniaeu-

132 2029 171 2067 N
175 1988 500 2080 unquglumuilum
527 2029 685 2067 verbum
712 2027 867 2066 muttit:
908 2040 1026 2079 quom
1055 1978 1234 2080 aperitffg

130 2088 424 2186 Quomthieoetilia
442 2141 555 2173 noctu
574 2112 789 2172 clanculum
809 2133 857 2172 ad
875 2146 938 2172 me
960 2134 1052 2181 exit,
1072 2142 1180 2173 tacet.
