1435 2400
399 89 790 131 MENAECHMEI.
819 90 854 129 Ι.
886 93 921 130 1.
1160 94 1211 130 85

385 249 570 290 ACTUS
599 251 635 289 Ι.
688 250 872 290 SCENA
902 250 936 288 Ι.

522 357 797 395 ΡΕΝιευῙ,ι·ε.

104 465 134 504 J
136 473 297 503 uventus
315 475 454 502 nomen
472 464 561 502 fecit
580 464 763 502 Peniculo
781 464 877 502 mihi

107 519 213 565 Ideo,
234 517 324 569 quia
341 530 526 564 mensam,
546 517 698 578 quando
717 518 800 565 edo,
821 518 1007 579 detergeo.

106 572 292 610 Homines
310 571 474 622 oeptivos
491 571 559 622 qui
577 571 716 608 catenis
736 572 919 618 vinciunt,

103 625 157 663 Et
173 626 240 676 qui
257 624 426 674 fugitivis
446 624 559 662 servis
576 623 713 661 indunt
731 624 941 676 compedes,

100 678 230 716 Nimis
249 678 362 716 stulte
379 678 536 723 faciunt,
551 690 637 715 mea
651 677 806 728 quidem
825 677 1021 716 sententia.
1178 681 1203 716 5

102 732 284 783 Namque
308 731 455 769 homini
481 731 618 768 misero
642 731 674 769 si
700 731 749 769 ad
775 731 923 769 malum
950 731 1095 770 accidat
1121 744 1202 770 ma-

257 785 354 832 lum,

95 838 225 888 Major
240 837 372 877 lubido
391 839 438 877 'st
455 837 598 890 fugere,
615 847 651 877 et
667 838 789 877 facere
807 839 990 890 nequiter.

98 892 203 930 Nam
222 905 260 930 se
278 904 324 929 ex
344 892 482 930 mtenis
500 892 675 930 eximunt
692 893 821 943 aliquo
838 892 963 930 modo.

99 945 207 983 Tum
224 946 427 997 compediti
445 958 563 983 anum
579 946 674 983 lima
691 953 910 997 praeterunt,

95 999 183 1036 Aut
200 998 325 1049 lapide
344 999 540 1037 excutiunt
558 999 724 1037 clavum.
777 1000 906 1050 Nugae
925 1007 1012 1037 sunt
1029 1012 1094 1037 eae.
1152 999 1200 1036 lo

97 1051 226 1098 Quem
245 1060 288 1089 tu
305 1065 490 1090 asservare
508 1060 618 1099 recte,
638 1064 686 1090 ne
704 1052 892 1103 aufugiat,
912 1053 1027 1099 volae,

96 1105 197 1143 Esca
215 1112 329 1155 atque
346 1105 498 1156 potione
515 1105 646 1143 vinciri
665 1105 781 1144 decet.

94 1158 216 1209 Apud
234 1170 404 1196 mensam
423 1159 576 1209 plenam
594 1158 741 1196 homini
759 1166 921 1197 rostrum
940 1157 1092 1208 deljgoe.

94 1211 202 1249 Dum
221 1219 264 1249 tu
282 1211 352 1259 illi,
372 1211 475 1262 quod
493 1211 578 1249 edat
597 1218 634 1249 et
651 1211 754 1262 quod
771 1219 889 1262 potet,
908 1212 1089 1262 praebeas,

93 1266 172 1303 Suo
190 1265 372 1302 arbitratu
391 1272 427 1302 et
445 1265 589 1302 affatim
607 1264 755 1308 cotidie,
1151 1266 1197 1302 15

92 1318 308 1369 Nunquam
327 1317 491 1369 (edepol)
509 1318 641 1368 fugiet,
660 1319 811 1356 tametsi
828 1318 966 1369 capital
983 1317 1123 1357 fecerit.

94 1371 220 1410 Facile
238 1371 455 1417 asservabis,
474 1371 568 1409 dum
588 1384 631 1409 eo
649 1371 772 1409 vinclo
789 1371 941 1410 vincies.

93 1425 156 1463 Ita
172 1425 274 1463 ism:
291 1424 404 1462 nimis
422 1424 524 1462 lenta
542 1424 667 1462 vincla
683 1432 772 1462 sunt
789 1425 951 1470 escaria3

88 1480 219 1526 Quam
237 1478 360 1529 magis
378 1477 570 1526 extendas,
591 1485 696 1516 tanto
714 1478 952 1529 adstringunt
968 1478 1117 1517 arctius.

90 1533 195 1570 Nam
213 1543 282 1582 ego
297 1531 346 1569 ad
364 1531 653 1570 Menaechmum
669 1543 771 1570 nunc
789 1545 847 1579 eo,
867 1544 944 1583 quo
957 1532 1039 1580 jam
1058 1532 1124 1571 diu
1143 1534 1195 1570 20

87 1586 183 1624 Sum
198 1585 412 1635 judicatus;
442 1586 542 1623 ultro
560 1597 617 1632 eo,
635 1592 681 1622 ut
697 1598 761 1623 me
778 1585 927 1624 vinciat.

90 1640 195 1678 Nam
213 1638 291 1677 mic
306 1638 422 1677 homo
440 1638 611 1677 homines
629 1650 706 1677 non
724 1639 804 1687 alit,
825 1651 958 1677 verum
974 1639 1124 1689 educat,

87 1693 344 1744 Recreatquez
374 1692 503 1731 nullus
520 1691 657 1730 melius
673 1692 900 1730 medicinam
917 1692 1021 1732 facit.

90 1746 153 1784 Ita
170 1754 225 1784 aet
243 1745 455 1784 adolescens
473 1747 577 1798 ipsus
596 1758 688 1784 ὥστε
705 1758 912 1794 maxumae,

86 1799 271 1838 Cermleis
286 1811 406 1838 coenas
424 1800 511 1845 dat3
543 1800 597 1837 ita
613 1812 762 1838 mensas
781 1800 940 1838 exstruit
952 1814 964 1837 ι
1141 1802 1192 1838 25

87 1853 233 1892 Tantas
250 1852 402 1890 struieae
419 1853 617 1891 concinnat
633 1853 858 1904 patinarias:

88 1906 276 1945 Standum
294 1913 350 1944 eet
365 1906 405 1943 in
423 1906 532 1956 lecto,
553 1906 584 1944 si
602 1906 696 1958 quid
714 1906 760 1944 de
779 1919 930 1945 summo
949 1913 1066 1957 petas.

89 1959 165 1999 Sed
180 1959 277 1997 mihi
294 1959 537 1998 intervallum
551 1961 634 2009 jam
651 1960 721 1998 hos
738 1959 816 1999 dioe
834 1961 976 1998 multos
993 1960 1066 1998 fuit
1080 1975 1090 1996 ε

89 2013 209 2051 Domi
225 2012 391 2050 domitus
407 2012 465 2050 fui
482 2026 603 2065 usque
621 2026 709 2052 cum
727 2014 822 2052 mris
838 2014 944 2052 meis.

89 2067 193 2105 Nam
219 2078 341 2117 neque
360 2065 430 2104 edo
456 2077 579 2118 neque
602 2080 700 2111 emo,
728 2067 799 2105 nisi
824 2066 927 2118 quod
955 2074 1010 2106 oet
1030 2067 1188 2106 carissu-

243 2132 364 2157 mum.
1138 2121 1189 2157 30

138 2184 241 2212 vo1..
263 2184 315 2210 11.
958 2185 973 2210 1
