1435 2400
246 57 426 97 MILES
455 56 789 98 GLORIOSUS.
818 57 876 96 ΙΙ.
907 58 943 95 1.
1072 56 1147 96 193

311 212 496 253 ACTUS
518 213 578 252 ΙΙ.
633 212 820 252 SCENA
840 214 875 251 Ι.

438 321 736 358 PALAEs'rmo.

38 426 144 465 Mihi
162 426 211 465 ad
229 424 481 465 enarrandum
499 424 572 465 hoc
590 435 859 477 argumentum
872 427 920 464 'st
939 426 1109 474 comitas,

38 480 80 519 Si
97 480 146 518 ad
163 479 457 519 auscultandum
475 487 599 518 vostra
618 482 688 518 erit
703 480 927 531 benignitas.

35 533 119 581 Qui
136 543 260 572 autem
281 533 491 572 auscultare
508 534 616 580 110111,
637 543 814 584 exsurgat
830 534 944 582 foras,

35 587 94 625 Ut
111 587 158 625 sit
176 588 242 626 ubi
261 587 387 625 sedeat
404 586 482 633 ille,
498 586 565 637 qui
583 588 793 625 auscultare
810 587 900 624 volt.

38 640 156 679 Nunc
176 641 273 692 (qua
291 639 477 679 assedistis
495 641 608 678 causa
627 641 665 678 in
685 641 820 679 festivo
839 641 941 690 loco)
1123 643 1148 678 5

39 694 264 742 ComoediaL
284 707 402 745 quam
415 706 479 731 mo
466 693 529 731 do
547 694 668 732 acturi
686 707 831 741 sumus,

37 747 92 786 Et
110 756 379 798 argumentum
398 754 435 786 et
452 759 591 785 nomen
610 748 717 786 vobis
735 748 902 799 eloquar.

34 807 224 839 ΑΛΑΖΩΝ
245 802 377 840 Graece
393 800 483 839 huic
501 812 640 838 nomen
658 812 713 840 est
731 801 945 847 comoediae3

37 854 86 891 Id
104 866 172 892 nos
190 855 330 893 Latine
350 855 568 893 Gloriosum
587 855 760 893 dicimus.

36 908 123 946 Hoc
140 909 325 959 oppidum
343 907 514 959 Ephesu’
518 918 576 946 st:
596 908 685 946 inde
699 917 754 947 ost
768 909 885 947 Miles
899 922 1007 948 meus
1021 907 1148 953 herus,

37 961 119 1008 Qui
136 961 225 999 hinc
244 962 292 1000 ad
311 962 436 1000 forum
455 961 562 1009 abiit,
582 961 779 1012 gloriosus,
799 963 1016 1013 impudens,
1099 961 1144 998 11

36 1015 265 1061 stercoreas,
284 1015 420 1066 plenus
438 1016 583 1066 perjuri
601 1022 715 1065 atque
733 1016 907 1053 adulteri.

37 1068 110 1106 Ait
127 1081 207 1106 soee
224 1068 325 1106 ultro
343 1069 486 1106 omneis
504 1068 680 1105 mulieres
700 1069 883 1107 sectarier.

37 1122 80 1160 Is
98 1121 321 1160 deridiculu’
326 1129 372 1169 st,
393 1135 547 1173 quaqua
570 1121 722 1170 incedit,
746 1122 935 1160 omnibus.

40 1175 178 1226 Itaque
196 1175 260 1213 hic
278 1175 504 1222 meretrices,
523 1174 635 1212 labiis
654 1175 749 1212 dum
767 1175 924 1213 ductant
938 1188 1041 1220 eum,
1100 1175 1150 1212 15

38 1227 228 1277 Majorem
248 1237 394 1280 partem
414 1229 541 1266 videas
560 1228 679 1279 valgis
694 1229 816 1267 saviis.

38 1282 145 1320 Nam
164 1295 234 1333 ego
251 1282 355 1320 haud
373 1282 440 1320 diu
460 1281 564 1332 apud
581 1281 684 1320 hunc
704 1284 922 1321 servitutem
942 1283 1076 1321 servio.

34 1335 87 1374 Id
104 1335 190 1374 volo
208 1348 275 1373 vos
293 1336 398 1383 scire,
419 1335 611 1387 quomodo
624 1335 672 1372 ad
690 1335 794 1373 hunc
808 1336 1021 1374 devenerim

37 1389 85 1427 In
104 1389 337 1436 servitutem,
358 1391 406 1427 ab
425 1402 468 1427 eo
487 1389 578 1440 quoi
595 1389 729 1426 servivi
746 1390 865 1441 prius.

34 1442 137 1480 Date
154 1455 331 1494 operam:
359 1455 450 1481 nam
467 1455 570 1480 nunc
590 1452 860 1493 argumentum
880 1443 1064 1481 exordiar.
1096 1444 1149 1481 20

36 1497 132 1535 Erat
149 1496 263 1534 herus
280 1496 446 1534 Athenis
463 1496 560 1534 mihi
577 1496 791 1534 adolescens
808 1505 1013 1548 optumus:

37 1550 78 1588 Is
96 1551 250 1588 amabat
267 1550 501 1588 meretricem
519 1558 641 1588 matre
658 1550 824 1588 Athenis
841 1550 996 1598 Atticis,

37 1604 92 1642 Et
108 1603 175 1641 illa
191 1603 303 1642 illum
322 1612 473 1650 contra;
505 1603 574 1655 qui
592 1611 646 1641 oet
664 1616 771 1641 amor
789 1605 895 1642 cultu
914 1612 1108 1655 optumus.

39 1657 81 1695 Is
98 1656 251 1708 publice
267 1658 415 1708 legatus
434 1658 682 1709 Naupactum
700 1657 790 1695 hinc
807 1657 895 1706 fuit,

40 1709 204 1760 Magnai
220 1711 275 1749 rei
292 1711 462 1761 publicai
474 1720 595 1762 grana
1096 1713 1148 1749 25

40 1763 215 1811 Interibi‚
234 1772 279 1802 ut
297 1764 360 1802 hic
378 1764 496 1803 Miles
513 1765 610 1803 forte
630 1764 804 1803 Athenas
823 1765 989 1814 advenit,

38 1816 216 1855 Insinuat
234 1830 311 1856 sese
328 1818 377 1855 ad
394 1818 502 1856 illam
520 1819 683 1857 amicam
700 1818 783 1857 heri
800 1819 888 1858 mei.

42 1870 204 1922 Occepit
222 1871 303 1919 ejus
318 1872 431 1909 matri
449 1872 708 1932 suppalparier

40 1923 159 1971 Vino,
180 1925 425 1971 ornamentis,
447 1926 689 1977 opiparisque
706 1927 885 1978 opsoniis.

41 1977 226 2028 Ita-que
215 1978 396 2015 intimum
413 1953 467 2016 ibi
484 1991 522 2016 se
540 1979 659 2017 Miles
678 1980 781 2030 apud
798 1980 925 2018 lenam
945 1979 1046 2018 facit.
1098 1981 1152 2017 30

8 2069 17 2086 ι
39 2031 120 2069 Ubi
138 2031 307 2081 primum
322 2031 446 2069 evenit
463 2031 586 2070 Militi
603 2032 693 2071 huic
711 2033 867 2079 occasio,

0 2092 27 2125 ἢ-
40 2084 208 2122 Sublinit
225 2097 267 2122 os
285 2085 343 2122 illi
359 2085 469 2131 lenae,
489 2086 603 2124 matri
619 2087 789 2124 mulieris

40 2137 170 2185 Quam
188 2137 301 2177 herus
318 2151 427 2177 meus
445 2141 610 2177 amabat.
651 2141 754 2178 Nam
775 2141 807 2177 is
820 2139 924 2177 illius
942 2138 1062 2176 filiam

93 2201 197 2229 vot.
218 2203 269 2230 11.
972 2203 989 2227 S
