<?xml version="1.0" encoding="UTF-8"?>
<!DOCTYPE html PUBLIC "-//W3C//DTD XHTML 1.0 Transitional//EN"
    "http://www.w3.org/TR/xhtml1/DTD/xhtml1-transitional.dtd">
<html xmlns="http://www.w3.org/1999/xhtml" xml:lang="en" lang="en">
 <head>
  <title>
</title>
<meta http-equiv="Content-Type" content="text/html;charset=utf-8" />
  <meta name='ocr-system' content='tesseract 3.04.00' />
  <meta name='ocr-capabilities' content='ocr_page ocr_carea ocr_par ocr_line ocrx_word'/>
</head>
<body>
  <div class='ocr_page' id='page_1' title='image "./comoediaesupers02plauuoft_0045.png"; bbox 0 0 1435 2400; ppageno 0'>
   <div class='ocr_carea' id='block_1_1' title="bbox 448 102 1226 146">
    <p class='ocr_par' dir='ltr' id='par_1_1' title="bbox 448 102 1226 146">
     <span class='ocr_line' id='line_1_1' title="bbox 448 102 1226 146; baseline -0.01 0"><span class='ocrx_word' id='word_1_1' title='bbox 448 104 753 146; x_wconf 85' lang='lat' dir='ltr'><strong>CURCULIO.</strong></span> <span class='ocrx_word' id='word_1_2' title='bbox 775 105 829 144; x_wconf 90' lang='lat' dir='ltr'>V.</span> <span class='ocrx_word' id='word_1_3' title='bbox 856 106 893 142; x_wconf 84' lang='lat'>3.</span> <span class='ocrx_word' id='word_1_4' title='bbox 1175 102 1226 145; x_wconf 92' lang='grc'>37</span> 
     </span>
    </p>
   </div>
   <div class='ocr_carea' id='block_1_2' title="bbox 103 210 1240 2283">
    <p class='ocr_par' dir='ltr' id='par_1_2' title="bbox 103 210 1240 2283">
     <span class='ocr_line' id='line_1_2' title="bbox 122 210 1230 265; baseline -0.005 -12"><span class='ocrx_word' id='word_1_5' title='bbox 122 213 229 252; x_wconf 88' lang='lat' dir='ltr'>Dum</span> <span class='ocrx_word' id='word_1_6' title='bbox 252 214 408 265; x_wconf 86' lang='lat' dir='ltr'>quidem</span> <span class='ocrx_word' id='word_1_7' title='bbox 437 212 607 264; x_wconf 85' lang='lat' dir='ltr'>(hercle)</span> <span class='ocrx_word' id='word_1_8' title='bbox 636 212 690 250; x_wconf 82' lang='lat' dir='ltr'>ita</span> <span class='ocrx_word' id='word_1_9' title='bbox 713 212 874 261; x_wconf 75' lang='lat' dir='ltr'>judices,</span> <span class='ocrx_word' id='word_1_10' title='bbox 902 223 950 249; x_wconf 89' lang='lat' dir='ltr'>ne</span> <span class='ocrx_word' id='word_1_11' title='bbox 977 210 1179 261; x_wconf 85' lang='lat' dir='ltr'>quisquam</span> <span class='ocrx_word' id='word_1_12' title='bbox 1207 222 1230 246; x_wconf 87' lang='lat' dir='ltr'>a</span> 
     </span>
     <span class='ocr_line' id='line_1_3' title="bbox 279 264 1229 318; baseline -0.006 -12"><span class='ocrx_word' id='word_1_13' title='bbox 279 281 342 306; x_wconf 90' lang='lat' dir='ltr'>me</span> <span class='ocrx_word' id='word_1_14' title='bbox 360 274 561 318; x_wconf 84' lang='lat' dir='ltr'>argentum</span> <span class='ocrx_word' id='word_1_15' title='bbox 574 266 736 304; x_wconf 65' lang='lat' dir='ltr'>‘auferat-</span> <span class='ocrx_word' id='word_1_16' title='bbox 1178 264 1229 300; x_wconf 81' lang='lat'>26</span> 
     </span>
     <span class='ocr_line' id='line_1_4' title="bbox 129 320 662 370; baseline -0.002 -11"><span class='ocrx_word' id='word_1_17' title='bbox 129 322 245 359; x_wconf 74' lang='lat' dir='ltr'>Ther.</span> <span class='ocrx_word' id='word_1_18' title='bbox 273 321 439 369; x_wconf 89' lang='lat' dir='ltr'>Quodne</span> <span class='ocrx_word' id='word_1_19' title='bbox 457 320 662 370; x_wconf 81' lang='lat' dir='ltr'>promisti?</span> 
     </span>
     <span class='ocr_line' id='line_1_5' title="bbox 337 372 750 424; baseline -0.007 -11"><span class='ocrx_word' id='word_1_20' title='bbox 337 376 433 424; x_wconf 77' lang='lat' dir='ltr'>Cap.</span> <span class='ocrx_word' id='word_1_21' title='bbox 463 373 546 421; x_wconf 80' lang='lat' dir='ltr'>Qui</span> <span class='ocrx_word' id='word_1_22' title='bbox 566 372 750 423; x_wconf 84' lang='lat' dir='ltr'>promisi?</span> 
     </span>
     <span class='ocr_line' id='line_1_6' title="bbox 492 425 828 477; baseline -0.003 -12"><span class='ocrx_word' id='word_1_23' title='bbox 492 428 631 465; x_wconf 77' lang='lat' dir='ltr'>Phaed.</span> <span class='ocrx_word' id='word_1_24' title='bbox 661 425 828 477; x_wconf 40' lang='lat' dir='ltr'>Lingua</span> 
     </span>
     <span class='ocr_line' id='line_1_7' title="bbox 707 479 1230 530; baseline -0.006 -12"><span class='ocrx_word' id='word_1_25' title='bbox 707 481 803 530; x_wconf 81' lang='lat' dir='ltr'>Cap.</span> <span class='ocrx_word' id='word_1_26' title='bbox 831 479 982 518; x_wconf 61' lang='lat' dir='ltr'>Eadem</span> <span class='ocrx_word' id='word_1_27' title='bbox 1001 491 1102 516; x_wconf 88' lang='lat' dir='ltr'>nunc</span> <span class='ocrx_word' id='word_1_28' title='bbox 1122 491 1230 528; x_wconf 82' lang='lat' dir='ltr'>nego.</span> 
     </span>
     <span class='ocr_line' id='line_1_8' title="bbox 122 531 1231 586; baseline -0.004 -13"><span class='ocrx_word' id='word_1_29' title='bbox 122 532 338 586; x_wconf 60' lang='lat' dir='ltr'>[Ditandffl</span> <span class='ocrx_word' id='word_1_30' title='bbox 369 547 446 573; x_wconf 90' lang='lat' dir='ltr'>non</span> <span class='ocrx_word' id='word_1_31' title='bbox 476 547 556 572; x_wconf 90' lang='lat' dir='ltr'>rem</span> <span class='ocrx_word' id='word_1_32' title='bbox 581 533 770 585; x_wconf 84' lang='lat' dir='ltr'>perdundi</span> <span class='ocrx_word' id='word_1_33' title='bbox 798 532 932 584; x_wconf 53' lang='lat' dir='ltr'>gratia,</span> <span class='ocrx_word' id='word_1_34' title='bbox 962 533 1043 570; x_wconf 86' lang='lat' dir='ltr'>haec</span> <span class='ocrx_word' id='word_1_35' title='bbox 1072 539 1160 570; x_wconf 89' lang='lat' dir='ltr'>nata</span> <span class='ocrx_word' id='word_1_36' title='bbox 1183 531 1231 569; x_wconf 87' lang='lat' dir='ltr'>&#39;st</span> 
     </span>
     <span class='ocr_line' id='line_1_9' title="bbox 281 588 390 626; baseline -0.009 0"><span class='ocrx_word' id='word_1_37' title='bbox 281 588 390 626; x_wconf 82' lang='lat' dir='ltr'><strong>mihi.</strong></span> 
     </span>
     <span class='ocr_line' id='line_1_10' title="bbox 128 640 1063 692; baseline -0.002 -12"><span class='ocrx_word' id='word_1_38' title='bbox 128 642 244 680; x_wconf 77' lang='lat' dir='ltr'>Ther.</span> <span class='ocrx_word' id='word_1_39' title='bbox 272 642 385 680; x_wconf 87' lang='lat' dir='ltr'>Nihil</span> <span class='ocrx_word' id='word_1_40' title='bbox 403 641 505 692; x_wconf 84' lang='lat' dir='ltr'>agit:</span> <span class='ocrx_word' id='word_1_41' title='bbox 535 641 676 679; x_wconf 89' lang='lat' dir='ltr'>collum</span> <span class='ocrx_word' id='word_1_42' title='bbox 694 640 886 692; x_wconf 84' lang='lat' dir='ltr'>obstringe</span> <span class='ocrx_word' id='word_1_43' title='bbox 903 640 1063 678; x_wconf 83' lang='lat' dir='ltr'>homini.</span> 
     </span>
     <span class='ocr_line' id='line_1_11' title="bbox 534 695 1231 744; baseline 0.003 -12"><span class='ocrx_word' id='word_1_44' title='bbox 534 696 630 744; x_wconf 81' lang='lat' dir='ltr'>Cap.</span> <span class='ocrx_word' id='word_1_45' title='bbox 658 695 831 743; x_wconf 84' lang='lat' dir='ltr'><strong>Jamjam</strong></span> <span class='ocrx_word' id='word_1_46' title='bbox 849 695 986 732; x_wconf 76' lang='lat' dir='ltr'>faciam</span> <span class='ocrx_word' id='word_1_47' title='bbox 1005 702 1049 732; x_wconf 89' lang='lat' dir='ltr'>ut</span> <span class='ocrx_word' id='word_1_48' title='bbox 1064 696 1231 744; x_wconf 83' lang='lat' dir='ltr'>jusseris.</span> 
     </span>
     <span class='ocr_line' id='line_1_12' title="bbox 130 747 1182 799; baseline 0 -13"><span class='ocrx_word' id='word_1_49' title='bbox 130 749 247 786; x_wconf 78' lang='lat' dir='ltr'>Ther.</span> <span class='ocrx_word' id='word_1_50' title='bbox 266 747 436 796; x_wconf 89' lang='lat' dir='ltr'><strong>Quando</strong></span> <span class='ocrx_word' id='word_1_51' title='bbox 454 748 511 786; x_wconf 84' lang='lat' dir='ltr'>vir</span> <span class='ocrx_word' id='word_1_52' title='bbox 528 750 651 786; x_wconf 88' lang='lat' dir='ltr'>bonus</span> <span class='ocrx_word' id='word_1_53' title='bbox 670 761 723 794; x_wconf 62' lang='grc' dir='ltr'>εδ,</span> <span class='ocrx_word' id='word_1_54' title='bbox 742 748 940 798; x_wconf 74' lang='lat' dir='ltr'>responde,</span> <span class='ocrx_word' id='word_1_55' title='bbox 960 748 1063 797; x_wconf 89' lang='lat' dir='ltr'>quod</span> <span class='ocrx_word' id='word_1_56' title='bbox 1079 761 1182 799; x_wconf 89' lang='lat' dir='ltr'>rogo.</span> 
     </span>
     <span class='ocr_line' id='line_1_13' title="bbox 659 802 1234 852; baseline 0 -12"><span class='ocrx_word' id='word_1_57' title='bbox 659 804 755 851; x_wconf 80' lang='lat' dir='ltr'>Cap.</span> <span class='ocrx_word' id='word_1_58' title='bbox 783 802 895 852; x_wconf 84' lang='lat' dir='ltr'>Roga</span> <span class='ocrx_word' id='word_1_59' title='bbox 914 802 1016 852; x_wconf 92' lang='lat' dir='ltr'>quod</span> <span class='ocrx_word' id='word_1_60' title='bbox 1035 803 1154 839; x_wconf 90' lang='lat' dir='ltr'>lubet.</span> <span class='ocrx_word' id='word_1_61' title='bbox 1182 803 1234 841; x_wconf 89' lang='grc'>30</span> 
     </span>
     <span class='ocr_line' id='line_1_14' title="bbox 130 855 1240 906; baseline 0 -12"><span class='ocrx_word' id='word_1_62' title='bbox 130 857 247 894; x_wconf 74' lang='lat' dir='ltr'>Ther.</span> <span class='ocrx_word' id='word_1_63' title='bbox 286 855 526 904; x_wconf 74' lang='lat' dir='ltr'>Promistin’,</span> <span class='ocrx_word' id='word_1_64' title='bbox 553 856 584 893; x_wconf 87' lang='lat' dir='ltr'>si</span> <span class='ocrx_word' id='word_1_65' title='bbox 608 855 755 893; x_wconf 86' lang='lat' dir='ltr'>liberali</span> <span class='ocrx_word' id='word_1_66' title='bbox 783 855 986 906; x_wconf 82' lang='lat' dir='ltr'>quisquam</span> <span class='ocrx_word' id='word_1_67' title='bbox 1014 855 1112 893; x_wconf 86' lang='lat' dir='ltr'>hanc</span> <span class='ocrx_word' id='word_1_68' title='bbox 1139 869 1240 894; x_wconf 88' lang='lat' dir='ltr'>asse-</span> 
     </span>
     <span class='ocr_line' id='line_1_15' title="bbox 281 917 528 957; baseline -0.004 -10"><span class='ocrx_word' id='word_1_69' title='bbox 281 917 377 948; x_wconf 85' lang='lat' dir='ltr'>reret</span> <span class='ocrx_word' id='word_1_70' title='bbox 396 922 528 957; x_wconf 85' lang='lat' dir='ltr'><strong>manu,</strong></span> 
     </span>
     <span class='ocr_line' id='line_1_16' title="bbox 103 963 818 1014; baseline 0.001 -13"><span class='ocrx_word' id='word_1_71' title='bbox 103 990 106 992; x_wconf 95' lang='lat'>-</span> <span class='ocrx_word' id='word_1_72' title='bbox 124 963 183 1001; x_wconf 90' lang='lat' dir='ltr'>Te</span> <span class='ocrx_word' id='word_1_73' title='bbox 200 975 313 1001; x_wconf 88' lang='lat' dir='ltr'>omne</span> <span class='ocrx_word' id='word_1_74' title='bbox 332 970 530 1014; x_wconf 86' lang='lat' dir='ltr'>argentum</span> <span class='ocrx_word' id='word_1_75' title='bbox 550 963 818 1002; x_wconf 81' lang='lat' dir='ltr'>redditurum?</span> 
     </span>
     <span class='ocr_line' id='line_1_17' title="bbox 598 1017 1231 1067; baseline 0.003 -12"><span class='ocrx_word' id='word_1_76' title='bbox 598 1018 694 1067; x_wconf 79' lang='lat' dir='ltr'>Cap.</span> <span class='ocrx_word' id='word_1_77' title='bbox 725 1018 817 1055; x_wconf 83' lang='lat' dir='ltr'>Non</span> <span class='ocrx_word' id='word_1_78' title='bbox 835 1017 1079 1055; x_wconf 87' lang='lat' dir='ltr'>commemini</span> <span class='ocrx_word' id='word_1_79' title='bbox 1097 1018 1231 1057; x_wconf 85' lang='lat' dir='ltr'>dicere.</span> 
     </span>
     <span class='ocr_line' id='line_1_18' title="bbox 131 1069 589 1120; baseline 0.002 -13"><span class='ocrx_word' id='word_1_80' title='bbox 131 1070 247 1107; x_wconf 76' lang='lat' dir='ltr'>Ther.</span> <span class='ocrx_word' id='word_1_81' title='bbox 274 1069 413 1117; x_wconf 85' lang='lat' dir='ltr'><strong>Quid?</strong></span> <span class='ocrx_word' id='word_1_82' title='bbox 443 1072 589 1120; x_wconf 84' lang='lat' dir='ltr'>negas?</span> 
     </span>
     <span class='ocr_line' id='line_1_19' title="bbox 339 1122 1234 1174; baseline 0.004 -14"><span class='ocrx_word' id='word_1_83' title='bbox 339 1125 435 1172; x_wconf 83' lang='lat' dir='ltr'>Cap.</span> <span class='ocrx_word' id='word_1_84' title='bbox 465 1124 576 1173; x_wconf 87' lang='lat' dir='ltr'>Nego</span> <span class='ocrx_word' id='word_1_85' title='bbox 597 1122 769 1174; x_wconf 88' lang='lat' dir='ltr'>(hercle)</span> <span class='ocrx_word' id='word_1_86' title='bbox 789 1135 888 1161; x_wconf 88' lang='lat' dir='ltr'>vero.</span> <span class='ocrx_word' id='word_1_87' title='bbox 915 1125 1006 1172; x_wconf 90' lang='lat' dir='ltr'>Quo</span> <span class='ocrx_word' id='word_1_88' title='bbox 1024 1126 1234 1174; x_wconf 85' lang='lat' dir='ltr'>praesente&#39;?</span> 
     </span>
     <span class='ocr_line' id='line_1_20' title="bbox 445 1176 710 1227; baseline 0.004 -14"><span class='ocrx_word' id='word_1_89' title='bbox 445 1189 522 1227; x_wconf 91' lang='lat' dir='ltr'>quo</span> <span class='ocrx_word' id='word_1_90' title='bbox 540 1176 579 1213; x_wconf 91' lang='lat' dir='ltr'>in</span> <span class='ocrx_word' id='word_1_91' title='bbox 598 1177 679 1214; x_wconf 93' lang='lat' dir='ltr'>loco</span> <span class='ocrx_word' id='word_1_92' title='bbox 693 1179 710 1214; x_wconf 74' lang='lat'>,⁹</span> 
     </span>
     <span class='ocr_line' id='line_1_21' title="bbox 131 1229 1099 1281; baseline 0.001 -13"><span class='ocrx_word' id='word_1_93' title='bbox 131 1230 245 1268; x_wconf 82' lang='lat' dir='ltr'>Ther.</span> <span class='ocrx_word' id='word_1_94' title='bbox 273 1229 345 1267; x_wconf 88' lang='lat' dir='ltr'>Me</span> <span class='ocrx_word' id='word_1_95' title='bbox 363 1229 445 1281; x_wconf 89' lang='lat' dir='ltr'>ipso</span> <span class='ocrx_word' id='word_1_96' title='bbox 462 1237 658 1281; x_wconf 66' lang='lat' dir='ltr'>praesente,</span> <span class='ocrx_word' id='word_1_97' title='bbox 679 1237 716 1268; x_wconf 91' lang='lat' dir='ltr'>et</span> <span class='ocrx_word' id='word_1_98' title='bbox 734 1230 888 1281; x_wconf 85' lang='lat' dir='ltr'>Lycone</span> <span class='ocrx_word' id='word_1_99' title='bbox 905 1231 1099 1281; x_wconf 60' lang='lat' dir='ltr'>trapezitit.</span> 
     </span>
     <span class='ocr_line' id='line_1_22' title="bbox 870 1284 1234 1335; baseline 0 -12"><span class='ocrx_word' id='word_1_100' title='bbox 870 1286 966 1335; x_wconf 80' lang='lat' dir='ltr'>Cap.</span> <span class='ocrx_word' id='word_1_101' title='bbox 996 1284 1086 1322; x_wconf 86' lang='lat' dir='ltr'>Non</span> <span class='ocrx_word' id='word_1_102' title='bbox 1107 1287 1234 1325; x_wconf 81' lang='lat' dir='ltr'>taces?</span> 
     </span>
     <span class='ocr_line' id='line_1_23' title="bbox 132 1337 503 1376; baseline -0.005 0"><span class='ocrx_word' id='word_1_103' title='bbox 132 1338 248 1376; x_wconf 74' lang='lat' dir='ltr'>Ther.</span> <span class='ocrx_word' id='word_1_104' title='bbox 275 1337 368 1374; x_wconf 91' lang='lat' dir='ltr'>Non</span> <span class='ocrx_word' id='word_1_105' title='bbox 387 1344 503 1375; x_wconf 86' lang='lat' dir='ltr'>taceo.</span> 
     </span>
     <span class='ocr_line' id='line_1_24' title="bbox 181 1388 1233 1441; baseline 0.004 -13"><span class='ocrx_word' id='word_1_106' title='bbox 181 1392 276 1441; x_wconf 82' lang='lat' dir='ltr'>Cap.</span> <span class='ocrx_word' id='word_1_107' title='bbox 306 1391 397 1428; x_wconf 92' lang='lat' dir='ltr'>Non</span> <span class='ocrx_word' id='word_1_108' title='bbox 412 1392 430 1428; x_wconf 71' lang='lat'>‚⁹</span> <span class='ocrx_word' id='word_1_109' title='bbox 459 1402 528 1440; x_wconf 89' lang='lat' dir='ltr'>ego</span> <span class='ocrx_word' id='word_1_110' title='bbox 542 1397 579 1427; x_wconf 90' lang='lat' dir='ltr'>te</span> <span class='ocrx_word' id='word_1_111' title='bbox 597 1388 821 1427; x_wconf 82' lang='lat' dir='ltr'>floccifacio:</span> <span class='ocrx_word' id='word_1_112' title='bbox 852 1402 900 1428; x_wconf 90' lang='lat' dir='ltr'>ne</span> <span class='ocrx_word' id='word_1_113' title='bbox 918 1403 981 1429; x_wconf 91' lang='lat' dir='ltr'>me</span> <span class='ocrx_word' id='word_1_114' title='bbox 1000 1392 1155 1431; x_wconf 82' lang='lat' dir='ltr'>territes.</span> <span class='ocrx_word' id='word_1_115' title='bbox 1182 1395 1233 1432; x_wconf 87' lang='lat'>35</span> 
     </span>
     <span class='ocr_line' id='line_1_25' title="bbox 133 1443 1126 1495; baseline 0 -12"><span class='ocrx_word' id='word_1_116' title='bbox 133 1445 249 1483; x_wconf 78' lang='lat' dir='ltr'>Ther.</span> <span class='ocrx_word' id='word_1_117' title='bbox 277 1444 349 1482; x_wconf 91' lang='lat' dir='ltr'>Me</span> <span class='ocrx_word' id='word_1_118' title='bbox 366 1443 448 1495; x_wconf 92' lang='lat' dir='ltr'>ipso</span> <span class='ocrx_word' id='word_1_119' title='bbox 466 1451 646 1494; x_wconf 84' lang='lat' dir='ltr'>praesente</span> <span class='ocrx_word' id='word_1_120' title='bbox 665 1449 702 1480; x_wconf 88' lang='lat' dir='ltr'>et</span> <span class='ocrx_word' id='word_1_121' title='bbox 721 1443 888 1493; x_wconf 76' lang='lat' dir='ltr'>Lycone,</span> <span class='ocrx_word' id='word_1_122' title='bbox 909 1444 1052 1482; x_wconf 86' lang='lat' dir='ltr'>factum</span> <span class='ocrx_word' id='word_1_123' title='bbox 1068 1446 1126 1483; x_wconf 87' lang='lat' dir='ltr'>&#39;st.</span> 
     </span>
     <span class='ocr_line' id='line_1_26' title="bbox 740 1498 1236 1539; baseline 0.012 -6"><span class='ocrx_word' id='word_1_124' title='bbox 740 1498 880 1534; x_wconf 78' lang='lat' dir='ltr'><em>Phaed.</em></span> <span class='ocrx_word' id='word_1_125' title='bbox 909 1499 1008 1536; x_wconf 84' lang='lat' dir='ltr'>Satis</span> <span class='ocrx_word' id='word_1_126' title='bbox 1026 1499 1136 1537; x_wconf 89' lang='lat' dir='ltr'>credo</span> <span class='ocrx_word' id='word_1_127' title='bbox 1156 1501 1236 1539; x_wconf 82' lang='lat' dir='ltr'>tibi.</span> 
     </span>
     <span class='ocr_line' id='line_1_27' title="bbox 127 1550 1237 1600; baseline 0.002 -10"><span class='ocrx_word' id='word_1_128' title='bbox 127 1552 248 1590; x_wconf 88' lang='lat' dir='ltr'><strong>Nunc</strong></span> <span class='ocrx_word' id='word_1_129' title='bbox 274 1551 382 1599; x_wconf 85' lang='lat' dir='ltr'>adeo,</span> <span class='ocrx_word' id='word_1_130' title='bbox 405 1558 450 1588; x_wconf 91' lang='lat' dir='ltr'>ut</span> <span class='ocrx_word' id='word_1_131' title='bbox 471 1558 514 1588; x_wconf 91' lang='lat' dir='ltr'>tu</span> <span class='ocrx_word' id='word_1_132' title='bbox 536 1550 628 1588; x_wconf 85' lang='lat' dir='ltr'>scire</span> <span class='ocrx_word' id='word_1_133' title='bbox 652 1550 785 1600; x_wconf 75' lang='lat' dir='ltr'>possiS‚</span> <span class='ocrx_word' id='word_1_134' title='bbox 813 1551 914 1599; x_wconf 87' lang='lat' dir='ltr'>leno,</span> <span class='ocrx_word' id='word_1_135' title='bbox 940 1564 1064 1590; x_wconf 87' lang='lat' dir='ltr'>meam</span> <span class='ocrx_word' id='word_1_136' title='bbox 1089 1561 1237 1592; x_wconf 90' lang='lat' dir='ltr'>senten-</span> 
     </span>
     <span class='ocr_line' id='line_1_28' title="bbox 286 1605 405 1649; baseline -0.008 -6"><span class='ocrx_word' id='word_1_137' title='bbox 286 1605 405 1649; x_wconf 79' lang='lat' dir='ltr'>tiam3</span> 
     </span>
     <span class='ocr_line' id='line_1_29' title="bbox 127 1657 1238 1706; baseline 0.001 -8"><span class='ocrx_word' id='word_1_138' title='bbox 127 1659 268 1698; x_wconf 83' lang='lat' dir='ltr'>Libera</span> <span class='ocrx_word' id='word_1_139' title='bbox 291 1659 373 1696; x_wconf 87' lang='lat' dir='ltr'>haec</span> <span class='ocrx_word' id='word_1_140' title='bbox 396 1664 475 1701; x_wconf 78' lang='lat' dir='ltr'>est3</span> <span class='ocrx_word' id='word_1_141' title='bbox 505 1657 567 1695; x_wconf 90' lang='lat' dir='ltr'>hic</span> <span class='ocrx_word' id='word_1_142' title='bbox 585 1657 701 1706; x_wconf 89' lang='lat' dir='ltr'>hujus</span> <span class='ocrx_word' id='word_1_143' title='bbox 721 1657 837 1695; x_wconf 87' lang='lat' dir='ltr'>frater</span> <span class='ocrx_word' id='word_1_144' title='bbox 855 1665 922 1705; x_wconf 59' lang='lat' dir='ltr'>est,</span> <span class='ocrx_word' id='word_1_145' title='bbox 942 1658 1022 1697; x_wconf 86' lang='lat' dir='ltr'>haec</span> <span class='ocrx_word' id='word_1_146' title='bbox 1044 1668 1173 1698; x_wconf 88' lang='lat' dir='ltr'>autem</span> <span class='ocrx_word' id='word_1_147' title='bbox 1191 1661 1238 1699; x_wconf 87' lang='lat' dir='ltr'>il-</span> 
     </span>
     <span class='ocr_line' id='line_1_30' title="bbox 281 1712 488 1750; baseline -0.005 -1"><span class='ocrx_word' id='word_1_148' title='bbox 281 1712 356 1750; x_wconf 80' lang='lat' dir='ltr'>h&#39;us</span> <span class='ocrx_word' id='word_1_149' title='bbox 375 1723 488 1749; x_wconf 89' lang='lat' dir='ltr'>soror.</span> 
     </span>
     <span class='ocr_line' id='line_1_31' title="bbox 126 1763 1239 1818; baseline 0.003 -14"><span class='ocrx_word' id='word_1_150' title='bbox 126 1766 224 1804; x_wconf 89' lang='lat' dir='ltr'>Haec</span> <span class='ocrx_word' id='word_1_151' title='bbox 240 1765 337 1802; x_wconf 78' lang='lat' dir='ltr'>mihi</span> <span class='ocrx_word' id='word_1_152' title='bbox 355 1766 495 1802; x_wconf 89' lang='lat' dir='ltr'>nubet:</span> <span class='ocrx_word' id='word_1_153' title='bbox 526 1771 568 1801; x_wconf 84' lang='lat' dir='ltr'>tu</span> <span class='ocrx_word' id='word_1_154' title='bbox 586 1763 676 1802; x_wconf 89' lang='lat' dir='ltr'><strong>huic</strong></span> <span class='ocrx_word' id='word_1_155' title='bbox 694 1771 893 1815; x_wconf 89' lang='lat' dir='ltr'>argentum</span> <span class='ocrx_word' id='word_1_156' title='bbox 912 1765 1038 1804; x_wconf 83' lang='lat' dir='ltr'>redde.</span> <span class='ocrx_word' id='word_1_157' title='bbox 1079 1767 1163 1806; x_wconf 90' lang='lat' dir='ltr'>Hoc</span> <span class='ocrx_word' id='word_1_158' title='bbox 1172 1770 1239 1818; x_wconf 91' lang='lat' dir='ltr'>ju-</span> 
     </span>
     <span class='ocr_line' id='line_1_32' title="bbox 285 1818 646 1856; baseline -0.006 -1"><span class='ocrx_word' id='word_1_159' title='bbox 285 1818 427 1856; x_wconf 81' lang='lat' dir='ltr'>dicium</span> <span class='ocrx_word' id='word_1_160' title='bbox 447 1829 576 1855; x_wconf 88' lang='lat' dir='ltr'>meum</span> <span class='ocrx_word' id='word_1_161' title='bbox 590 1818 646 1854; x_wconf 89' lang='lat' dir='ltr'>’st.</span> 
     </span>
     <span class='ocr_line' id='line_1_33' title="bbox 132 1871 1239 1919; baseline 0.003 -8"><span class='ocrx_word' id='word_1_162' title='bbox 132 1874 249 1911; x_wconf 75' lang='lat' dir='ltr'>Ther.</span> <span class='ocrx_word' id='word_1_163' title='bbox 277 1871 343 1908; x_wconf 88' lang='lat' dir='ltr'>Tu</span> <span class='ocrx_word' id='word_1_164' title='bbox 362 1879 490 1908; x_wconf 85' lang='lat' dir='ltr'>autern</span> <span class='ocrx_word' id='word_1_165' title='bbox 508 1871 548 1908; x_wconf 88' lang='lat' dir='ltr'>in</span> <span class='ocrx_word' id='word_1_166' title='bbox 567 1882 682 1908; x_wconf 83' lang='lat' dir='ltr'>nervo</span> <span class='ocrx_word' id='word_1_167' title='bbox 695 1871 777 1919; x_wconf 85' lang='lat' dir='ltr'>jam</span> <span class='ocrx_word' id='word_1_168' title='bbox 792 1871 949 1919; x_wconf 85' lang='lat' dir='ltr'>jacebis,</span> <span class='ocrx_word' id='word_1_169' title='bbox 975 1872 1047 1910; x_wconf 87' lang='lat' dir='ltr'>nisi</span> <span class='ocrx_word' id='word_1_170' title='bbox 1065 1873 1161 1912; x_wconf 88' lang='lat' dir='ltr'>mihi</span> <span class='ocrx_word' id='word_1_171' title='bbox 1179 1889 1239 1914; x_wconf 91' lang='lat' dir='ltr'>ar-</span> 
     </span>
     <span class='ocr_line' id='line_1_34' title="bbox 288 1924 1235 1975; baseline 0.006 -14"><span class='ocrx_word' id='word_1_172' title='bbox 288 1932 447 1975; x_wconf 88' lang='lat' dir='ltr'>gentum</span> <span class='ocrx_word' id='word_1_173' title='bbox 465 1924 645 1962; x_wconf 85' lang='lat' dir='ltr'>redditur.</span> <span class='ocrx_word' id='word_1_174' title='bbox 1183 1930 1235 1968; x_wconf 81' lang='lat'>40</span> 
     </span>
     <span class='ocr_line' id='line_1_35' title="bbox 131 1977 1237 2030; baseline 0.004 -13"><span class='ocrx_word' id='word_1_175' title='bbox 131 1981 228 2030; x_wconf 84' lang='lat' dir='ltr'>Cap.</span> <span class='ocrx_word' id='word_1_176' title='bbox 257 1977 410 2025; x_wconf 79' lang='lat' dir='ltr'>Hercle,</span> <span class='ocrx_word' id='word_1_177' title='bbox 437 1977 549 2015; x_wconf 83' lang='lat' dir='ltr'>istam</span> <span class='ocrx_word' id='word_1_178' title='bbox 570 1990 652 2015; x_wconf 90' lang='lat' dir='ltr'>rem</span> <span class='ocrx_word' id='word_1_179' title='bbox 675 1977 855 2026; x_wconf 63' lang='lat' dir='ltr'>judicasti</span> <span class='ocrx_word' id='word_1_180' title='bbox 883 1979 1094 2030; x_wconf 84' lang='lat' dir='ltr'>perfidiose,</span> <span class='ocrx_word' id='word_1_181' title='bbox 1126 1982 1237 2021; x_wconf 89' lang='lat' dir='ltr'><strong>Phae-</strong></span> 
     </span>
     <span class='ocr_line' id='line_1_36' title="bbox 289 2031 446 2075; baseline 0 -8"><span class='ocrx_word' id='word_1_182' title='bbox 289 2031 446 2075; x_wconf 77' lang='lat' dir='ltr'>drome3</span> 
     </span>
     <span class='ocr_line' id='line_1_37' title="bbox 129 2082 1207 2138; baseline 0.002 -13"><span class='ocrx_word' id='word_1_183' title='bbox 129 2087 184 2125; x_wconf 91' lang='lat' dir='ltr'>Et</span> <span class='ocrx_word' id='word_1_184' title='bbox 198 2085 267 2124; x_wconf 88' lang='lat' dir='ltr'>tibi</span> <span class='ocrx_word' id='word_1_185' title='bbox 286 2083 427 2122; x_wconf 85' lang='lat' dir='ltr'>oberit:</span> <span class='ocrx_word' id='word_1_186' title='bbox 459 2090 496 2120; x_wconf 89' lang='lat' dir='ltr'>et</span> <span class='ocrx_word' id='word_1_187' title='bbox 512 2090 563 2131; x_wconf 87' lang='lat' dir='ltr'>te,</span> <span class='ocrx_word' id='word_1_188' title='bbox 583 2083 706 2132; x_wconf 60' lang='lat' dir='ltr'>miles,</span> <span class='ocrx_word' id='word_1_189' title='bbox 727 2082 796 2120; x_wconf 92' lang='lat' dir='ltr'>Dii</span> <span class='ocrx_word' id='word_1_190' title='bbox 814 2083 986 2137; x_wconf 81' lang='lat' dir='ltr'>Deaeque</span> <span class='ocrx_word' id='word_1_191' title='bbox 1004 2087 1182 2138; x_wconf 87' lang='lat' dir='ltr'>perduint</span> <span class='ocrx_word' id='word_1_192' title='bbox 1197 2090 1207 2126; x_wconf 75' lang='lat'><em>2</em></span> 
     </span>
     <span class='ocr_line' id='line_1_38' title="bbox 128 2140 462 2188; baseline -0.009 -11"><span class='ocrx_word' id='word_1_193' title='bbox 128 2140 194 2177; x_wconf 90' lang='lat' dir='ltr'>Tu</span> <span class='ocrx_word' id='word_1_194' title='bbox 213 2151 276 2176; x_wconf 90' lang='lat' dir='ltr'>me</span> <span class='ocrx_word' id='word_1_195' title='bbox 294 2149 462 2188; x_wconf 83' lang='lat' dir='ltr'>sequere.</span> 
     </span>
     <span class='ocr_line' id='line_1_39' title="bbox 295 2189 859 2241; baseline -0.002 -13"><span class='ocrx_word' id='word_1_196' title='bbox 295 2191 412 2229; x_wconf 76' lang='lat' dir='ltr'>Ther.</span> <span class='ocrx_word' id='word_1_197' title='bbox 438 2189 530 2237; x_wconf 89' lang='lat' dir='ltr'>Quo</span> <span class='ocrx_word' id='word_1_198' title='bbox 548 2201 685 2241; x_wconf 78' lang='lat' dir='ltr'>sequar</span> <span class='ocrx_word' id='word_1_199' title='bbox 703 2202 773 2239; x_wconf 86' lang='lat' dir='ltr'>ego</span> <span class='ocrx_word' id='word_1_200' title='bbox 791 2197 828 2227; x_wconf 85' lang='lat' dir='ltr'>te</span> <span class='ocrx_word' id='word_1_201' title='bbox 841 2193 859 2228; x_wconf 67' lang='grc' dir='ltr'><strong><em>ἓ</em></strong></span> 
     </span>
     <span class='ocr_line' id='line_1_40' title="bbox 184 2255 1078 2283; baseline 0.001 -1"><span class='ocrx_word' id='word_1_202' title='bbox 184 2255 290 2283; x_wconf 81' lang='lat' dir='ltr'>voL.</span> <span class='ocrx_word' id='word_1_203' title='bbox 311 2255 359 2281; x_wconf 84' lang='lat'>11.</span> <span class='ocrx_word' id='word_1_204' title='bbox 1051 2257 1078 2283; x_wconf 81' lang='grc' dir='ltr'>Ε</span> 
     </span>
    </p>
   </div>
  </div>
 </body>
</html>
