1435 2400
216 103 268 139 90
505 98 892 139 MENAECHMEI.
921 101 957 139 Ι.
984 101 1021 139 3.

216 208 331 244 Men.
360 205 446 256 Ego
469 207 551 245 istic
577 207 673 244 mihi
694 206 803 244 hodie
827 207 999 258 apparari
1026 206 1120 256 Jussi
1147 206 1250 259 apud
1277 216 1316 247 te

373 260 560 308 proelium.
1288 263 1314 299 3

218 315 332 350 Erot.
353 311 480 350 Hodie
498 313 536 350 id
555 313 630 351 fiet.

459 368 573 403 Men.
601 367 649 404 In
668 379 711 404 eo
729 373 886 417 uterque
903 377 971 415 pro
990 366 1065 404 Ilio
1082 367 1310 416 potabimus,

215 418 311 456 Uter
327 417 380 455 ibi
397 419 529 456 melior
546 419 703 456 bellator
721 419 789 456 erit
806 419 980 456 inventus
998 419 1186 467 cantharo,
1286 423 1311 458 5

214 470 325 522 (Tua
349 479 403 509 est
423 471 540 522 legio)
562 472 789 520 adjudicato,
818 484 906 510 cum
934 479 1019 509 utro
1044 471 1142 509 hane
1164 479 1312 511 noctem

373 537 454 562 Sies.

217 576 274 614 Ut
299 589 368 627 ego
394 590 566 625 uxorem,
593 590 677 615 mea
695 578 883 629 voluptas,
906 577 974 616 ubi
995 585 1032 616 te
1053 577 1231 629 adspicio,
1248 580 1311 618 odi

370 631 495 668 male!

211 686 323 721 Erot.
352 682 510 721 Interim
528 683 675 734 nequis,
690 684 780 734 quin
799 685 880 732 ejus
893 683 1037 735 aliquid
1054 683 1211 722 indutus
1229 685 1310 724 sies.

213 735 319 783 Quid
337 735 408 774 hoc
427 739 512 775 est?

321 791 434 827 Men.
462 789 636 828 Induviae
654 797 742 837 tuae,
762 797 875 841 atque
892 789 1019 827 uxoris
1037 789 1196 837 exuviae,
1216 803 1312 831 rosa.

215 844 325 880 Erot.
355 842 517 892 Superas
545 843 668 889 facile,
703 851 747 881 ut
778 842 945 893 superior
973 842 1022 880 sis
1054 842 1164 890 mihi,
1195 856 1313 894 quam

369 895 571 946 quisquam
588 896 654 946 qui
671 895 890 946 impetrant.
1263 897 1312 933 10

214 949 314 985 Pen.
342 947 526 986 Meretrix
544 949 725 999 tantisper
742 948 947 996 blanditur,
968 947 1061 985 dum
1079 947 1189 996 illud,
1210 949 1312 1000 quod

370 1001 506 1051 rapiat,
526 1001 636 1038 videt.

213 1054 332 1101 Nam,
363 1053 395 1090 si
423 1055 591 1100 amabas,
615 1054 695 1102 jam
724 1054 918 1104 oportebat
945 1065 1081 1091 nasum
1110 1055 1310 1106 abreptum

213 1161 324 1197 Men.
355 1105 616 1250 Srtxigtliffssulfoc,
643 1159 845 1198 Penicule:
876 1159 1031 1197 exuvias
1059 1158 1194 1208 facere,
1217 1174 1311 1212 quas

214 1268 311 1303 Pen.
332 1225 471 1304 Οέἇὲητ,
485 1225 731 1313 ἔεῖἰοόὺεεοτο,
748 1263 917 1317 (hercle)
934 1266 1027 1304 salta
1041 1265 1093 1304 sic
1107 1278 1194 1304 cum
1212 1266 1314 1318 palla

369 1325 512 1368 postea.

214 1374 324 1409 Men.
351 1372 437 1422 Ego
455 1370 625 1410 saltabo?
655 1373 777 1410 Sanus
798 1370 967 1422 (hercle)
988 1383 1062 1410 non
1082 1384 1136 1410 es.

653 1427 756 1464 Pen.
783 1424 931 1475 Egone,
951 1436 1000 1462 an
1020 1432 1062 1462 tu
1081 1424 1231 1476 magis?
1263 1427 1311 1465 15

212 1478 252 1517 Si
270 1490 346 1516 non
365 1477 491 1524 saltas,
511 1489 606 1515 exue
624 1477 750 1527 igitur.

649 1532 765 1568 Men.
795 1530 929 1568 Nimio
947 1543 1016 1581 ego
1033 1530 1130 1569 hanc
1147 1532 1313 1582 periculo

211 1583 386 1634 Surripui
402 1583 526 1621 hodie.
580 1583 674 1621 Meo
692 1583 846 1634 quidem
864 1583 1005 1631 animo,
1030 1585 1079 1622 ab
1098 1584 1313 1637 Hippolyta

367 1636 627 1686 succingulum

211 1690 395 1728 Hercules
424 1689 529 1727 haud
558 1702 664 1740 aeque
691 1701 831 1739 magno
860 1701 1031 1740 unquam
1060 1692 1216 1729 abstulit
1243 1705 1311 1744 pe-

212 1796 317 1847 Cape
346 1742 568 1833 tissifflhznc:
599 1795 751 1846 quando
779 1807 856 1833 una
882 1795 976 1833 vivis
1005 1796 1098 1835 meis
1126 1797 1311 1849 morigera

215 1902 297 1939 Hoc
314 1848 562 1939 εῃιὲῖήέεῑὲὲῐ
579 1901 763 1939 animatos
782 1913 858 1939 esse
877 1907 1060 1940 amatores
1076 1904 1227 1953 probos.
1256 1906 1309 1942 20

210 1955 308 1992 Pen.
337 1953 417 2001 Qui
435 1954 590 2004 quidem
608 1954 657 1992 ad
674 1954 955 1993 mendicitatem
973 1969 1011 1994 se
1028 1963 1227 2008 properent
1244 1957 1309 1996 de-

209 2061 320 2098 Men.
350 2007 528 2107 (Ξῖἓίῐῗιΐῐ
557 2060 669 2098 minis
707 2074 774 2113 ego
806 2060 880 2099 emi
915 2061 1033 2100 istanc
1065 2074 1164 2101 anno
1198 2064 1308 2103 uxori

363 2125 468 2152 meae.
