1435 2400
485 83 790 124 CURCULIO.
820 85 904 124 ΠΙ.
1195 87 1246 124 23

139 190 192 230 Et
209 202 361 238 aurum,
382 198 419 228 et
436 197 591 229 vectem.
645 189 737 229 Jam
756 191 842 239 seis,
863 200 906 230 ut
925 194 1149 232 convenerit.
1196 195 1247 232 65

132 244 351 295 Argentum
370 243 434 282 des
452 243 606 282 lenoni:
636 243 726 283 huic
744 244 810 283 des
829 245 1110 296 virginem.''—

133 297 215 336 Ubi
233 296 366 349 ipsus?
394 310 460 336 cm·
478 309 555 335 non
573 297 677 336 venit
691 300 709 336 Ρ

612 352 730 391 Curc-
760 350 848 402 Ego
869 350 994 388 dicam
1013 351 1107 390 tibi:

132 402 250 451 Quia,
270 404 411 442 nudius
430 410 602 455 quartus,
621 404 795 442 venimus
813 404 852 441 in
872 403 1025 441 Cariam

130 456 196 495 Ex
218 457 341 496 India⁴
395 458 459 496 Ibi
476 470 579 495 nunc
597 465 762 496 statuam
782 458 860 496 volt
879 457 967 495 dare
985 471 1139 496 auream

130 510 301 549 Solidam
318 510 538 550 faciundam
557 524 604 549 ex
623 524 714 549 auro
730 511 944 562 Philippeo,
966 524 1052 562 quae
1070 512 1140 550 siet
1189 513 1246 557 70

129 563 445 615 Septempedalis,
463 564 571 602 factis
589 565 869 603 monimentum
888 564 977 602 suis.

131 617 229 667 [syc.
255 618 518 667 Quamobrem
535 618 660 656 istuc?

529 673 647 711 Cure.
673 671 837 710 Dicam·
827 700 837 709 .
866 671 956 723 quia
975 671 1077 710 enim
1097 672 1244 718 Persas,

664 725 946 775 Paphlagonas,

126 777 322 828 Sinopeas,
342 777 508 825 Arabas,
530 777 660 822 Caras,
680 778 877 825 Oretanos,
899 779 1028 829 Syros,

128 831 323 869 Rhodiam
341 839 456 883 atque
474 832 650 883 Lyciam,
672 832 872 870 Perediam
893 840 929 870 et
949 832 1224 879 Perbibesiam,

129 884 524 933 Centauromachiam,
547 891 584 923 et
602 885 786 924 Classiam
806 886 1135 935 Unomammiam,
1192 888 1243 931 75

128 938 371 989 Libyamque
389 951 495 976 oram
513 951 666 977 omnem
685 938 1049 987 Conterebromiam,

128 990 343 1030 Dimidiam
358 999 506 1041 partem
525 992 723 1031 nationum
742 1005 863 1043 usque
880 992 1068 1042 omnium,

129 1044 288 1095 Subegit
306 1045 408 1083 solus
425 1045 524 1083 intra
541 1045 677 1096 viginti
694 1045 787 1084 dies.

133 1099 230 1148 Lyc.
265 1098 351 1136 Vah
367 1098 377 1135 !

240 1152 358 1190 Cure.
386 1150 495 1199 Quid
513 1151 649 1190 mirare
663 1153 681 1189 ἓ

493 1206 588 1254 Lyc.
618 1204 722 1252 Quia
741 1204 856 1252 enim,
877 1205 917 1243 in
936 1204 1049 1243 cavea
1068 1205 1099 1243 si
1117 1206 1240 1245 forent

128 1257 322 1306 Conclusi,
342 1257 474 1296 itidem
491 1258 549 1296 uti
567 1258 663 1309 pulli
682 1258 894 1320 gallinacei,
1189 1261 1241 1299 80

128 1311 191 1349 Ita
209 1323 286 1349 non
306 1313 461 1362 potuere
475 1323 553 1349 uno
571 1323 670 1349 anno
686 1312 924 1350 circumirier.

131 1365 255 1403 Credo
272 1364 439 1416 (hercle)
455 1372 492 1403 te
509 1377 586 1403 oese
599 1366 647 1402 ab
661 1364 728 1402 illo
748 1363 869 1415 [jam:
877 1365 893 1418 ]
914 1366 967 1404 ita
979 1377 1101 1417 nugas
1118 1366 1243 1405 blatis.

130 1419 253 1458 Cure.
281 1419 411 1457 Immo
431 1418 546 1457 etiam
563 1431 688 1470 porro,
709 1418 741 1456 si
760 1419 829 1467 vis,
850 1419 988 1458 dioem.

842 1474 907 1523 Ly
909 1486 941 1511 c.
969 1472 1083 1511 Nihil
1100 1486 1239 1513 moror.

125 1526 292 1577 Sequere
308 1524 405 1571 hac3
435 1533 472 1564 te
486 1525 693 1573 absolvam,
709 1525 787 1577 qua
804 1525 990 1565 advenisti
1007 1527 1142 1577 gratia.

127 1579 264 1631 Atque
279 1591 413 1618 eccum
430 1579 550 1618 video.
607 1579 729 1627 Leno,
750 1579 864 1618 salve.

749 1634 846 1683 Cap.
875 1633 944 1671 Dii
962 1640 1000 1672 te
1018 1640 1160 1672 ament.
1186 1635 1238 1672 85

130 1687 226 1738 Lyc.
252 1685 361 1735 Quid
378 1686 463 1735 hoc,
484 1686 587 1739 quod
605 1686 655 1725 ad
671 1693 708 1725 te
725 1686 866 1724 venio⁹

765 1742 862 1790 Cap.
888 1740 1004 1779 Dioes
1023 1740 1118 1792 quid
1136 1741 1241 1780 velis.

131 1795 228 1844 Lyc.
252 1794 472 1845 Argentum
490 1794 676 1846 accipias3
703 1806 790 1832 cum
810 1795 876 1833 illo
893 1795 1023 1833 mittas
1041 1794 1239 1845 virginem.

134 1849 233 1898 Cap.
259 1847 379 1895 Quid,
400 1847 503 1900 quod
518 1849 668 1898 juratus
686 1859 771 1885 sum
785 1850 803 1886 ?

716 1902 814 1952 Lyc.
841 1900 950 1949 Quid
967 1901 1007 1939 id
1025 1900 1138 1939 refert
1155 1901 1236 1947 tua,

130 1954 240 1994 Dum
259 1962 461 2006 argentum
478 1953 666 2006 accipias?

557 2010 653 2059 Cap.
681 2007 763 2056 Qm'
781 2018 923 2055 monet,
944 2008 1052 2059 quasi
1070 2007 1242 2058 adjuvat.

129 2061 355 2114 Sequimini.

293 2117 411 2156 Cure.
439 2115 561 2164 Leno,
581 2128 671 2155 oeve
688 2115 729 2153 in
751 2123 788 2154 te
806 2115 854 2154 sit
871 2115 969 2154 mihi
986 2127 1104 2154 mora.
1189 2115 1241 2151 90
