1435 2400
417 89 813 130 MENAECHMEI.
840 90 893 129 V.
922 92 961 128 2.
1171 89 1246 128 119

134 200 199 238 Ex
224 197 459 260 temporibus
484 206 600 249 atque
624 197 772 235 fronte!
812 203 858 234 ut
885 196 986 234 oculi
1014 195 1244 234 scintillant!

135 307 254 344 Men.
284 252 392 353 (335
421 304 516 341 mihi
544 303 727 353 meliu'st,
756 315 890 356 quam,
920 303 1073 355 quando
1101 303 1158 341 illi
1186 251 1249 341 ἐξ

294 358 456 397 insanire
474 357 696 408 praedicant,

134 413 223 464 Ego
252 425 314 451 me
336 411 556 451 assimulem
586 411 764 458 insanire,
792 417 838 448 ut
863 410 950 448 illos
975 423 998 447 a
1020 422 1084 448 me
1109 412 1250 448 abster-

295 468 430 504 ream?

137 521 245 557 Mul.
275 520 331 558 Ut
347 518 596 571 pandiculans
621 517 824 557 oscitatur!
857 516 965 565 Quid
978 529 1081 555 nunc
1098 516 1250 564 faciam,

295 574 349 610 mi
368 571 502 623 pater?
1197 572 1248 607 80

137 629 222 666 Sen.
252 626 424 665 Concede
442 626 531 673 huc,
552 638 637 664 mm
654 632 785 677 gnata,
808 626 857 663 ab
878 624 972 663 istoc
994 637 1114 676 quam
1146 632 1252 674 potos

294 680 540 730 longissume.

141 735 253 772 Men.
281 733 416 771 Euoe.
407 734 416 757 ¹
460 733 585 771 Euie!
628 732 809 771 Bromie!
852 744 929 784 quo
952 743 1016 770 me
1044 731 1086 769 in
1116 731 1252 770 silvam

297 794 478 825 venatum
496 789 637 825 vocas?

137 840 294 879 Audio:
323 840 390 879 sed
407 853 483 879 non
503 840 605 878 abire
622 851 778 891 possum
798 841 846 878 ab
864 841 926 879 his
943 839 1185 899 regionibus.

139 895 204 933 Ita
220 894 287 932 illa
305 907 367 932 me
385 896 433 932 ab
452 893 548 931 laeva
566 893 715 931 rabiosa
733 893 876 933 femina
893 901 1059 933 asservat
1076 893 1190 931 mnis.

142 948 234 986 Post
263 955 392 985 autem
420 948 499 986 illic
528 946 655 985 hircus
687 947 799 995 alius,
829 949 898 999 qui
928 960 1040 998 saepe,
1071 954 1181 984 aetate
1212 946 1253 983 in
1298 971 1308 983 .

299 1013 381 1047 sua,
1201 1001 1252 1036 85

141 1053 313 1092 Perdidit
331 1055 451 1092 civem
469 1054 706 1092 innocentem
723 1053 821 1093 falso
839 1054 1067 1093 testimonio.

143 1109 232 1146 Seu.
261 1108 334 1145 Vae
351 1107 465 1158 capiti
483 1115 549 1145 tuo
564 1107 574 1144 Ξ

303 1162 416 1198 Men..
445 1161 544 1198 Ecce
562 1160 707 1211 Apollo
724 1161 820 1198 mihi
839 1173 887 1199 ex
905 1160 1057 1199 oraculo
1074 1160 1250 1209 imperat,

142 1215 199 1253 Ut
218 1227 288 1265 ego
306 1214 363 1252 illi
383 1214 511 1252 oculos
530 1226 689 1252 exuram
708 1214 950 1266 lampadibus
970 1213 1201 1251 ardentibus.

144 1270 202 1306 M
202 1270 253 1305 nl.
281 1267 396 1314 Perii,
416 1268 471 1305 mi
490 1267 619 1318 pater!
641 1267 809 1306 minatur
826 1267 924 1305 mihi
942 1267 1070 1305 oculos
1088 1278 1256 1304 exurere.

144 1324 258 1360 Men.
286 1321 365 1359 Hei
382 1320 503 1358 mihi!
534 1320 700 1360 insanire
717 1333 780 1360 me
793 1321 916 1369 aiunt,
930 1321 1032 1359 ultro
1046 1332 1164 1371 quom
1182 1319 1257 1370 ipsi

302 1374 510 1413 insaniunt.
1202 1374 1256 1411 90

145 1431 235 1468 Seu.
262 1428 377 1475 Filia,
397 1427 518 1466 heus!

304 1483 415 1519 Mul.
443 1480 551 1529 Quid
570 1487 626 1520 est
642 1482 660 1519 Ρ
692 1481 786 1532 quid
803 1481 985 1532 agimus?

532 1536 622 1574 Sea.
651 1534 757 1578 Quid
775 1535 807 1573 si
825 1548 894 1586 ego
912 1535 988 1572 huc
1006 1547 1131 1573 servos
1151 1533 1224 1572 cito
1238 1536 1256 1572 ἓ

143 1590 243 1636 Ibo;
273 1589 475 1637 adducam,
503 1589 571 1640 qui
591 1589 695 1627 hunc
721 1588 810 1626 hinc
828 1589 978 1636 tollant,
1005 1596 1042 1626 et
1061 1588 1166 1626 domi
1193 1587 1257 1626 de-

303 1643 486 1689 vinciant,

145 1697 378 1748 Priusquam
396 1698 596 1735 turbatum
614 1695 708 1747 quid
725 1695 838 1734 faciat
856 1695 1036 1747 amplius.

797 1751 913 1787 Men.
942 1749 1166 1795 Enimvero,
1184 1747 1259 1786 nisi

146 1801 306 1853 occupo
323 1802 468 1854 aliquid
485 1802 582 1841 1111111
599 1802 816 1850 consilium,
835 1803 878 1840 hi
895 1802 1055 1841 domum
1071 1815 1135 1840 me
1153 1801 1202 1840 ad
1220 1814 1260 1840 se

306 1857 489 1894 auferent.

147 1908 296 1960 Pugnis
315 1922 378 1947 me
392 1917 494 1948 vetas
508 1910 547 1948 in
559 1910 677 1960 hujus
696 1922 761 1948 ore
778 1909 991 1962 quidquam
1009 1908 1184 1961 parcere!
1207 1909 1258 1947 95

148 1963 205 2001 Ν1
231 1964 382 2012 jamex
404 1963 1051 2003 meisoculisabsoedatinmalam
1075 1974 1256 2014 magnam

310 2028 473 2063 crucem,

149 2069 321 2117 Faciam,
341 2069 445 2121 quod
460 2071 584 2119 jubes,
603 2070 762 2122 Apollo.

448 2125 537 2162 Sen.
565 2124 675 2176 Fuge
692 2124 866 2172 domum,
887 2130 1077 2175 quantum
1095 2122 1246 2174 pove'st,

149 2176 213 2215 Ne
228 2176 291 2216 hic
309 2185 346 2215 te
363 2176 561 2216 obtundat.
