1435 2400
243 65 317 102 158
547 61 882 101 MERCATOR.
912 62 970 100 11.
997 63 1036 99 4.

239 170 314 210 Sed
333 169 561 230 Lysimacho
582 169 702 208 amico
722 168 926 207 mandabo,
979 167 1021 206 Is
1049 179 1088 205 se
1111 166 1160 205 ad
1186 173 1338 218 portum

243 277 305 315 Ire
322 223 603 314 ᾱυᾱῗιιῐίῗηεΜε
621 287 758 321 moror,
778 287 894 325 quom
912 273 977 311 hic
994 273 1112 312 adsto-

679 329 798 368 Claear.
824 326 969 365 Nullus
987 339 1088 375 sum,
1107 326 1236 365 occidi.
1267 327 1342 366 130

489 484 671 524 ACTUS
701 484 759 522 ΙΙ.
814 482 998 521 SCENA
1026 482 1104 520 1v.

521 590 777 652 CHAmths.
814 588 1079 627 EuTchus.

252 699 371 738 Char.
400 696 614 735 Pentheum
632 693 830 746 diripuisse
850 695 957 733 aiunt
974 693 1156 732 Bacchas.
1215 693 1352 744 Nugas

405 761 606 788 maxumas

250 804 383 843 Fuisse
396 803 517 848 credo
534 809 654 853 praeut
668 814 743 853 quo
759 807 867 852 pacto
884 812 951 851 ego
967 800 1135 837 divorsus
1154 799 1352 838 distrahor.

251 858 330 896 Cur
344 870 412 908 ego
426 857 531 894 vivo
520 855 538 879 ‘⁹
566 868 631 893 cur
646 867 720 892 non
739 853 904 891 morior?
933 852 1026 905 quid
1042 852 1138 890 mihi
1152 861 1206 890 est
1219 853 1258 890 in
1273 853 1351 891 vita

410 909 522 948 boni.
514 911 530 936 ⁹

252 962 438 1002 Certum'
442 970 499 1007 st;
531 962 593 999 ibo
618 961 664 998 ad
691 960 896 1008 medicum,
924 966 1037 1009 atque
1060 957 1114 996 ibi
1141 970 1203 997 me
1226 959 1351 997 toxico

411 1015 523 1053 morti
542 1015 653 1059 dabo,

254 1069 420 1118 Quando
442 1068 482 1106 id
510 1068 606 1106 mihi
635 1066 827 1114 adimitur,
857 1065 936 1116 qua
963 1064 1076 1103 causa
1097 1064 1214 1102 vitam
1241 1065 1352 1116 cupio

411 1122 544 1159 vivere.
1327 1120 1353 1155 5

253 1178 350 1214 Eut.
380 1176 515 1223 Mane,
534 1185 659 1221 mane,
679 1175 843 1218 obsecro,
864 1171 1043 1210 Charine.

627 1229 747 1266 Char.
779 1226 861 1273 Qui
879 1238 940 1262 me
959 1224 1132 1262 revocat?

1019 1279 1115 1315 Eut.
1142 1277 1358 1329 Eutychus,

258 1336 369 1374 Tuus
387 1334 530 1373 amicus
549 1339 586 1372 et
604 1332 752 1381 sodalis,
774 1332 888 1370 simul
907 1331 1050 1369 vicinus
1067 1343 1296 1381 proxumus.

260 1390 379 1428 Char.
410 1389 500 1426 Non
520 1394 561 1424 tu
580 1387 663 1435 scis,
685 1395 872 1437 quantum
889 1385 1078 1422 malarum
1104 1397 1229 1422 rerum
1248 1384 1361 1423 susti-

416 1453 537 1479 neam.

540 1494 636 1529 Eut.
668 1492 764 1530 Scio.

259 1547 404 1586 Omnia
425 1559 494 1598 ego
520 1545 622 1583 istaec
645 1544 852 1583 auscultavi
879 1545 926 1582 ab
951 1542 1070 1581 ostio:
1099 1554 1251 1581 omnem
1276 1555 1358 1583 rem

418 1613 505 1638 scio.

262 1655 384 1693 Char.
413 1652 520 1700 Quid
538 1651 578 1688 id
596 1659 662 1699 est,
684 1650 785 1702 quod
804 1649 902 1687 scis?

472 1708 568 1743 Eut.
599 1705 710 1742 Tuus
727 1711 833 1754 pater
850 1703 929 1741 volt
947 1703 1106 1742 vendere
1124 1731 1135 1741 .
1156 1730 1166 1740 .
1186 1728 1198 1740 .
1213 1729 1224 1740 .

732 1758 849 1795 Clzar.
878 1757 1048 1795 Omnem
1066 1769 1147 1795 rem
1165 1763 1283 1795 tenes.
1312 1755 1362 1794 10

263 1815 358 1852 Eut.
385 1813 514 1850 Tuam
532 1811 706 1849 amicam.
1359 1829 1364 1834 ·

491 1866 610 1904 Char.
638 1863 816 1901 Nimium
832 1863 1000 1901 multum
1019 1863 1099 1901 scis.

941 1919 1038 1954 Eut.
1067 1916 1165 1955 Tuis
1181 1915 1363 1967 ingratiis.

266 1974 386 2012 Char.
418 1971 635 2010 Plurimum
653 1977 696 2008 tu
715 1970 797 2008 scis.
842 1970 917 2009 Sed
934 1971 1003 2021 qui
1021 1969 1091 2008 scis
1110 1982 1187 2009 esse
1203 1970 1365 2008 amicam

423 2025 530 2062 illam
548 2036 696 2062 meam.
687 2025 704 2051 ’ν’

266 2082 362 2118 Eut.
390 2079 493 2117 Tute
510 2077 618 2116 heri
608 2089 714 2128 lpsus
731 2076 828 2115 mihi
845 2075 1017 2115 nan-asti.
