1435 2400
286 82 465 123 MILES
494 81 829 123 GLORIOSUS.
860 83 936 122 IV.
966 85 1003 121 8.
1122 85 1200 122 253

91 189 227 230 Oratio
243 189 319 229 alio
335 190 432 228 mihi
450 189 712 228 demutanda'
715 197 749 228 st
765 202 863 227 mea.
1175 192 1200 228 8

91 243 239 282 Mulier
260 243 467 294 (profecto)
484 251 573 281 nata
587 244 635 281 ’st
653 256 700 280 ex
719 243 776 293 ips
760 259 801 280 3
820 243 940 280 mora.

89 295 197 334 Nam
215 296 359 348 quaevis
377 296 464 345 alia,
485 309 572 347 quae
589 309 696 333 mora
715 296 762 334 ’st
781 309 901 346 aeque,
921 308 1027 333 mora
1152 297 1200 334 10

89 348 224 388 Minor
242 363 286 388 ea
303 350 463 397 videtur,
485 362 602 400 quam
622 363 708 400 quae
725 357 882 399 propter
899 349 1100 387 mulierem
1113 350 1171 388 'st-

90 402 178 441 Hoc
195 403 288 442 adeo
306 402 385 441 fieri
403 403 512 441 credo
530 402 814 440 consuetudine.

88 455 196 493 Nam
215 469 284 507 ego
301 457 399 494 hanc
417 468 560 494 arcesso
578 455 912 493 Philocomasium.
967 455 1043 494 Sed
1061 455 1173 494 foreis

89 508 267 548 Pultabo.
322 509 457 548 Heus!
489 509 615 560 ecquis
633 509 696 547 hic
715 508 795 547 est?

618 564 709 600 Pal.
735 561 984 611 Adolaecens‚
1005 562 1099 613 quid
1118 562 1200 601 est?

88 614 197 663 Quid
214 623 258 654 tu
275 616 361 655 ais?
389 615 482 668 quid
500 616 657 667 pultas?

423 671 558 708 Pleas.
589 669 911 707 Philocomasium
929 668 1110 719 quaerito:
1156 671 1203 708 15

85 722 126 761 Α
144 729 267 760 matre
283 722 387 761 illius
405 722 537 760 venio:
570 722 601 760 si
618 722 717 760 itura
737 722 798 770 'st,
819 731 905 761 eat.

87 775 250 814 Omneis
267 783 460 813 moratur:
489 776 615 813 navim
636 776 812 827 cupimus
831 776 986 814 solvere.

85 830 218 879 Pyrg.
244 826 489 867 Jamdudum
507 842 565 867 res
583 837 716 879 parata
734 828 795 866 ’st.
827 829 951 876 Heus,
972 828 1196 867 Palaestrio.
1188 830 1197 854 ¹

82 882 256 928 Aurum,
271 889 506 930 ornamenta,
519 890 675 928 vestem,
690 882 896 943 pretiosum
911 894 1024 921 omne
1035 890 1079 919 ut
1090 882 1200 928 ferat,

80 934 175 973 Duc
193 936 384 985 adjutor&
403 944 543 982 tecum,
563 935 613 974 ad
630 936 760 973 navim
779 936 847 986 qui
862 935 996 974 ferant.
1144 938 1197 974 20

87 988 234 1027 Omnia
251 989 458 1039 composita
476 996 579 1037 sunt,
599 1002 686 1040 quae
703 989 856 1037 donavi,
877 996 921 1026 ut
940 988 1049 1027 ferat.

89 1042 182 1080 Pal.
209 1042 282 1079 Eo.

250 1096 389 1133 Pleus.
418 1095 561 1143 Quaeso
582 1094 770 1147 (hercle),
789 1108 960 1146 propera.

702 1151 832 1198 Pyrg.
863 1149 955 1186 Non
973 1149 1199 1188 morabitur.

86 1199 195 1248 Quid
212 1200 322 1247 istuc,
343 1213 471 1252 quaeso
486 1204 503 1240 ?
533 1202 627 1254 quid
644 1203 752 1240 oculo
770 1201 914 1239 factum
935 1201 983 1239 'st
1001 1210 1067 1240 tuo
1078 1201 1096 1238 Ρ

90 1253 217 1293 Pleas.
248 1255 386 1293 Habeo
405 1255 581 1306 equidem
603 1255 774 1304 (hercle)
795 1256 962 1293 oculum.

550 1311 681 1359 Pyrg.
710 1310 768 1347 At
785 1309 926 1346 laevum
946 1308 1042 1347 dico.

853 1363 986 1399 Pleas.
1015 1361 1200 1413 Eloquar.

85 1414 210 1453 Maris
228 1414 339 1453 musa
360 1414 529 1466 (hercle)
551 1415 643 1454 istoc
663 1428 733 1466 ego
751 1415 861 1453 oculo
879 1423 965 1452 utor
982 1415 1122 1453 minus.
1152 1419 1202 1454 25

85 1469 206 1516 Nam,
227 1468 259 1506 si
277 1469 543 1508 abstinuissem
562 1482 703 1515 amare,
724 1477 922 1520 tamquam
942 1468 1028 1516 hoc,
1048 1477 1183 1507 uterer.

87 1521 164 1561 Sed
182 1522 296 1561 nimis
313 1530 512 1561 morantur
531 1535 592 1561 me
610 1523 690 1560 diu.

624 1578 755 1626 Pyrg.
786 1575 920 1625 Eccos,
942 1584 1094 1614 exeunt.

300 1736 488 1776 ACTUS
517 1736 594 1774 IV.
650 1736 838 1776 SCENA
868 1736 994 1774 VIII.

91 1842 383 1880 PALAEs‘rmo.
434 1843 851 1882 PHILocoMASIUM.
903 1844 1206 1881 Pvncopom-

421 1905 562 1934 mens.
612 1897 884 1935 Pan-sums.

93 2002 182 2040 Pal,
210 2001 318 2049 Quid
336 2001 444 2040 modi
461 2002 587 2041 flendo
605 2001 776 2055 (quaeso)
794 2003 907 2041 hodie
925 2002 1065 2041 facies?

652 2058 758 2096 Phil.
788 2056 897 2104 Quid
917 2069 987 2108 ego
1005 2057 1046 2094 ni
1064 2055 1175 2093 fleam
1190 2057 1206 2092 ἓ

90 2108 171 2147 Ubi
189 2108 459 2160 pulcherrume
478 2109 538 2160 egi
558 2116 722 2158 aetatem,
743 2110 832 2148 inde
850 2109 955 2148 abeo.

611 2165 700 2200 Pal.
729 2163 888 2201 Vide'n'
907 2162 1103 2202 hominem
1123 2161 1207 2207 tibi,

144 2225 250 2253 vor..
271 2226 324 2254 11.
965 2226 992 2252 z
