1435 2400
423 44 820 113 MENAECHMEI.
848 75 900 113 v.
928 78 965 114 9.
1177 75 1252 113 133

485 182 589 218 Mes.
619 181 725 219 Huic
742 181 835 219 item
854 181 1098 220 Menaechmo
1116 194 1255 220 nomen

188 264 192 265 γ
590 242 656 272 est.
701 235 750 272 In
769 234 912 281 Sicilia,
1198 236 1250 279 37

144 287 203 326 Te
222 287 420 340 Syracusis
440 294 576 325 natum
596 301 674 326 esse
692 288 849 325 dixisti:
879 287 942 325 hic
960 297 1071 327 natus
1090 296 1145 326 est
1161 289 1228 327 ibi.

142 342 353 382 Moschum
371 341 442 378 tibi
459 349 607 392 patrem
626 341 742 379 fuisse
761 341 882 378 dixti:
914 341 1003 380 huic
1021 341 1151 379 itidem
1169 342 1256 379 fuit.

140 399 183 437 N
185 409 259 436 unc
289 407 443 446 operam
475 395 630 446 potestis
660 396 775 432 ambo
809 394 907 432 mihi
943 395 1046 443 dare,
1082 403 1118 433 et
1150 395 1255 432 vobis

298 449 427 488 simul.
1199 450 1251 486 40

140 506 257 543 Men.
276 516 381 541 surr.
411 502 674 550 Promeruisti,
691 508 735 539 ut
749 513 797 539 ne
811 501 906 553 quid
919 514 1015 549 ores,
1031 501 1134 553 quod
1149 500 1255 548 velis,

299 556 394 607 quin
410 555 601 606 impetres.

141 611 363 662 Tamquam
383 609 414 646 si
433 609 566 647 emeris
583 622 646 647 me
663 615 832 658 argento,
852 609 948 647 liber
971 609 1117 647 servibo
1135 607 1218 646 tibi.

138 667 244 703 .Mes.
273 665 368 714 Spes
385 662 482 700 mihi
500 670 569 710 est,
585 675 650 700 vos
667 662 887 700 inventuros
904 662 1038 701 fratres
1056 673 1255 713 germanos

299 717 394 754 duos

139 771 338 817 Geminos,
357 769 436 808 una
455 776 576 808 matre
593 776 715 817 natos,
736 776 773 806 et
790 776 898 820 patre
915 782 1008 816 uno,
1029 781 1107 807 uno
1126 768 1200 806 die.

139 826 255 863 Men.
276 837 382 862 surr.
411 823 518 861 Mira
543 835 756 861 memorasz
791 823 940 861 utinam
966 824 1122 871 efficere,
1149 820 1253 873 quod

298 875 518 929 pollicitu's,
538 876 702 928 possies!
1202 876 1252 911 45

138 933 246 969 Mes.
276 932 463 969 Possum:
504 931 570 968 sed
597 942 700 968 nunc
719 929 827 968 coite.
880 930 1054 982 Uterque
1078 929 1132 977 id,
1154 927 1257 980 quod

296 985 452 1034 rogabo,
472 983 594 1022 dicite.

138 1040 250 1076 stlen.
271 1051 374 1074 surr.
399 1037 478 1074 Ubi
495 1037 615 1084 lubet,
636 1049 751 1087 roga:
781 1037 1026 1088 respondebo.
1067 1035 1180 1073 Nihil
1198 1048 1256 1073 re-

298 1090 432 1135 ticebo,
453 1089 557 1140 quod
575 1090 704 1127 sciam.

139 1146 245 1183 Dies.
273 1143 347 1182 Est
364 1143 434 1181 tibi
451 1155 591 1180 nornen
606 1142 850 1180 Menaechmo
863 1146 881 1181 Ρ

486 1198 600 1234 Men.
619 1209 724 1233 surr.
757 1196 906 1234 Fateor.

695 1254 700 1256 “
796 1251 902 1288 Mes.
931 1250 1004 1287 Est
1021 1248 1152 1286 itidem
1173 1247 1255 1285 tibi.

140 1306 253 1342 Men.
277 1306 360 1343 Sos.
394 1304 479 1341 Est.

298 1359 406 1395 Ales.
435 1357 590 1395 Patrem
608 1356 724 1395 fiiisse
742 1356 949 1396 Moschum
969 1355 1039 1394 tibi
1056 1355 1111 1393 ais
1123 1354 1141 1391 Ρ

580 1411 696 1448 Men.
720 1424 826 1448 surr.
856 1411 919 1448 Ita
937 1421 1036 1448 vero,

815 1465 929 1502 Men.
961 1464 1043 1501 Sos.
1073 1462 1127 1500 Et
1145 1461 1255 1499 mihi.

138 1521 246 1558 Mes.
272 1518 379 1557 Esne
396 1525 440 1556 tu
461 1518 748 1570 Syracusanus?

400 1574 512 1610 Men.
534 1585 639 1609 surr.
673 1572 798 1610 Certo.

535 1627 639 1663 Mes.
671 1625 779 1672 Quid
797 1632 840 1663 tu
851 1624 870 1660 ἶ)

698 1681 813 1717 Men.
834 1680 919 1717 Sos.
947 1675 1170 1729 Quippini?
1202 1677 1254 1714 50

138 1734 243 1771 Mes.
263 1731 438 1784 Optume
454 1745 578 1785 usque
595 1732 720 1771 adhuc
734 1732 962 1770 conveniunt
981 1731 1102 1782 signa.
1138 1731 1256 1768 Porro

300 1799 454 1837 operam
472 1787 571 1824 date.

138 1839 246 1887 Quid
264 1839 496 1890 longissume
512 1839 734 1887 meministi,
751 1839 812 1877 dic
829 1837 940 1885 mihi,
960 1837 1000 1875 in
1019 1837 1144 1888 patria
1160 1837 1228 1875 tua
1239 1836 1257 1873 ’ἓ

139 1895 255 1932 Men.
275 1906 381 1930 surr.
410 1893 512 1932 Cum
539 1900 647 1943 patre
672 1900 716 1931 ut
740 1893 818 1931 abii
839 1892 1053 1930 Tarentum
1081 1891 1130 1929 ad
1156 1903 1256 1928 mer-

296 1954 438 1994 catum,
458 1954 543 1984 tum
562 1954 691 1998 postea

137 1999 246 2038 Inter
261 1999 434 2037 homines
453 2012 515 2037 me
527 1999 696 2038 deerrare
714 2013 737 2038 a
754 2006 875 2050 patre,
896 2004 1011 2050 atque
1029 1996 1119 2036 inde
1133 1995 1256 2035 avehi.

137 2054 251 2092 Men.
275 2054 357 2091 Sos.
384 2052 539 2103 Jupiter
557 2053 757 2104 supreme!
789 2065 894 2090 serva
912 2064 985 2089 me.

472 2108 577 2144 Mes.
607 2106 714 2154 Quid
733 2105 903 2145 clamas?
932 2104 1026 2156 quin
1045 2102 1171 2142 taces?
1201 2103 1252 2139 55

137 2159 244 2207 Quot
258 2171 338 2198 eras
357 2171 475 2197 annos
493 2166 620 2204 natus,
635 2172 725 2198 cum
744 2167 780 2197 te
798 2167 904 2209 pater
918 2171 940 2197 a
958 2156 1079 2207 patria
1098 2155 1250 2194 avehit?

189 2223 293 2251 vor.
317 2223 367 2250 11.
1008 2221 1039 2247 N
