1435 2400
227 73 304 111 280
495 73 929 114 MOSTELLARIA.
959 76 1016 114 11.
1052 76 1090 125 l.a

457 182 577 220 Tran.
605 182 719 219 Habe
735 183 880 220 bonum
899 181 1096 219 animum:
1127 193 1196 232 ego
1214 180 1330 218 istum

551 234 676 285 lepide
693 234 907 272 medicabor
925 242 1084 272 metum.
1281 233 1334 271 40

230 287 374 325 Philol.
404 286 547 325 Nullus
566 300 663 326 sum.

517 342 636 379 Tran.
665 340 821 379 Taceas.
862 341 963 391 Ego,
983 340 1053 392 qui
1071 340 1172 379 istaec
1190 338 1333 387 sedem,

605 394 814 432 meditabor
832 393 913 432 tibi.

230 445 364 485 Sati’n'
383 446 513 495 habes,
533 446 564 485 si
582 459 651 498 ego
669 446 928 485 advenientem
953 446 1007 484 ita
1028 454 1174 498 patrem
1198 445 1335 484 faciam

388 507 514 548 tuum,

229 551 318 589 Non
338 552 450 590 modo
469 566 516 590 ne
534 554 708 601 introeat,
728 566 858 591 verum
879 553 992 591 etiam
1012 558 1056 590 ut
1080 551 1204 603 fugiat
1226 551 1339 602 longe

388 607 436 643 ab
457 606 628 645 aedibus?

229 658 309 696 Vos
327 657 438 696 modo
456 659 544 698 hinc
563 661 662 698 abite
686 660 799 707 intro,
825 667 938 710 atque
964 658 1044 696 haec
1066 659 1155 696 hinc
1178 669 1338 710 propere

390 712 613 751 amolimini.

234 763 374 802 Plzilol.
402 764 480 803 Ubi
500 778 568 815 ego
587 779 648 805 ero
662 769 680 805 ‚⁹

511 820 630 857 Tran.
659 819 739 858 Ubi
757 831 937 857 maxume
956 831 1033 857 esse
1051 817 1126 867 vis,
1145 830 1233 856 cum
1251 818 1338 865 hac,

614 885 702 910 cum
722 873 813 910 istac
832 872 913 909 eris.
1286 872 1337 908 45

232 924 372 973 Delph.
401 922 508 970 Quid
526 931 580 963 est
594 925 737 974 igitur?
765 925 965 962 Abeamus
981 923 1071 961 hinc
1088 936 1168 962 nos.

619 979 738 1015 Tran.
770 978 859 1015 Non
877 977 949 1014 hoc
966 977 1092 1026 longe,
1112 976 1336 1028 Delphium.

232 1030 411 1080 Namque
429 1030 531 1068 intus
548 1037 674 1081 potate
692 1030 796 1068 haud
815 1030 963 1068 tantillo
977 1029 1048 1067 hac
1059 1029 1214 1081 quidem
1226 1029 1339 1068 causa

392 1095 530 1121 mmus.

236 1136 378 1173 ΡΙιὶΙοΖ
416 1136 493 1174 Hei
522 1136 643 1175 mihi!
677 1150 808 1188 quam
837 1136 938 1174 istaec
967 1135 1106 1174 blanda
1134 1134 1233 1173 dicta
1264 1148 1341 1186 quo

392 1190 579 1235 eveniant,
601 1151 735 1228 madqeo
754 1189 885 1228 metu.

242 1243 361 1280 Tran.
392 1242 492 1280 Poti'
495 1244 534 1280 n'
557 1243 684 1282 animo
710 1251 753 1281 ut
769 1243 839 1282 sies
867 1242 1009 1294 quieto,
1036 1248 1072 1280 et
1100 1240 1214 1280 facias
1240 1242 1343 1293 quod

390 1296 538 1345 jubeo?

556 1351 697 1388 Philol.
731 1349 837 1388 Pote’
842 1357 886 1388 st.

243 1403 362 1440 Tran.
391 1401 581 1440 Omnium
609 1404 792 1454 primum,
824 1401 1109 1450 Philematium,
1139 1401 1238 1440 intro
1263 1402 1342 1450 abi,

391 1463 427 1492 et
446 1463 501 1503 tu,
528 1456 753 1506 Delphium,
1287 1457 1339 1493 50

238 1508 378 1557 Delph.
407 1509 611 1561 Morigerae
629 1510 698 1548 tibi
717 1509 855 1547 erimus
875 1510 1009 1547 ambae.

747 1562 957 1600 Tran.1ta
975 1561 1039 1598 ille
1056 1560 1153 1598 faxit
1170 1561 1338 1612 Jupiter.

237 1613 428 1651 Animum
447 1615 598 1654 advorte
616 1628 717 1653 nunc
735 1622 777 1652 tu
792 1616 888 1664 jam,
909 1627 995 1665 quae
1009 1613 1096 1651 volo
1113 1614 1331 1654 accurarier.
1347 1622 1351 1630 ¹

239 1666 428 1704 Omnium
446 1668 710 1718 primumdum
729 1667 854 1705 aedes‘
840 1680 922 1717 Jam
939 1667 998 1704 fac
1016 1667 1173 1705 occlusae
1191 1667 1313 1706 sient:

240 1719 352 1756 Intus
369 1732 457 1758 cave
474 1722 629 1759 muttire
648 1733 880 1772 quemquam
900 1719 1039 1757 siveris.

946 1773 1092 1811 Philol.
1124 1772 1344 1813 Curabitur.

246 1825 366 1863 Tran.
390 1825 610 1876 Tamquam
629 1827 659 1865 si
677 1827 779 1866 intus
792 1833 904 1864 natus
923 1837 1035 1864 nemo
1054 1825 1094 1863 in
1113 1826 1256 1865 aedibus
1273 1827 1343 1866 ha-

399 1879 504 1917 bitet.

507 1933 651 1971 Plzilol.
680 1933 802 1971 Licet.
1292 1935 1344 1971 55

248 1986 372 2022 Tran.
390 1985 479 2022 Neu
498 1985 699 2037 quisquam
717 1992 921 2038 responset,
937 1985 1089 2037 quando
1105 1985 1215 2025 hasce
1232 1986 1347 2025 aedeis

400 2038 564 2088 pultabit
581 2051 706 2077 senex.

245 2091 390 2128 Philol.
419 2092 623 2142 Numquid
642 2092 777 2131 aliud?

342 2145 463 2184 Tran.
490 2144 646 2185 Clavem
664 2145 760 2184 mihi
775 2145 940 2185 harunce
959 2144 1098 2190 aedium
1118 2143 1345 2185 Laconicam
