1435 2400
243 73 317 118 170
543 74 879 115 MERCATOR.
912 73 986 112 lv.
1013 76 1051 114 3.

661 182 762 218 Dor,
789 179 897 227 Quid
915 179 1056 217 clamas
1069 181 1087 217 ‚⁹
1104 180 1266 218 obsecro.
1291 181 1338 225 17

240 233 356 281 Syra.
385 233 531 272 Nescio
540 246 625 284 quae
643 241 697 271 est
715 233 851 271 mulier
869 233 971 270 intus
989 232 1052 270 hic
1069 231 1109 270 in
1128 233 1284 272 aedibus.

239 287 339 324 Dor.
366 286 501 334 Quid?
529 286 694 325 mulier?

540 341 657 389 Syra.
685 339 830 377 Mulier
847 339 1038 376 meretrix.

922 394 1021 429 Dor.
1050 392 1192 430 Veron'
1211 393 1336 432 serio?

237 448 352 496 Syra.
373 445 550 484 Nimium
564 446 633 484 scis
647 459 786 497 sapere,
802 446 880 482 ruri
894 458 979 496 quae
992 457 1068 483 non
1079 446 1269 485 manseris.
1289 448 1341 485 2⁰

239 498 454 546 Quamvis
444 499 621 550 insipiens
639 507 794 559 poterat
802 499 1063 548 persentiscere

241 552 357 590 Illam
376 564 454 590 esse
473 553 632 590 amicam
651 552 709 590 tui
727 552 797 590 viri
814 551 1035 590 bellissumi.

239 607 339 643 Dor.
372 605 507 653 Credo,
527 613 719 643 mecastor.

566 661 682 707 Syra.
712 658 734 695 I
752 658 823 695 hac
839 670 1003 704 mecum,
1022 664 1066 695 ut
1082 657 1208 696 videas
1225 657 1340 696 simul

237 711 365 750 Tuam
384 712 639 750 Alcumenam
657 711 842 762 pellicem,
862 712 890 749 J
893 723 969 748 uno
987 723 1084 750 mea.
1264 748 1275 753 ,

238 767 336 803 Dor.
366 765 536 813 Ecastor,
556 777 656 812 vero,
676 764 772 803 istuc
789 777 846 812 eo,
864 772 1051 815 quantum
1068 771 1202 815 potest.
1287 766 1339 803 25

490 923 672 962 ACTUS
700 925 775 963 IV.
830 923 1013 962 SCENA
1042 924 1102 962 ΙΙ.

630 1029 950 1067 ΙιΥΒΙΜΑεΗυε.

239 1136 430 1174 Parumne
450 1143 504 1174 est
521 1135 633 1173 malae
650 1135 718 1181 rei,
738 1135 840 1186 quod
858 1142 962 1173 amat
975 1134 1180 1186 Demipho,

240 1190 281 1227 N
283 1190 297 1226 i
315 1197 532 1227 sumtuosus
550 1189 703 1239 insuper
722 1189 835 1226 etiam
854 1189 922 1227 siet
935 1191 953 1226 ?

237 1241 381 1280 Decem
401 1243 567 1280 vocasset
586 1242 616 1280 si
635 1242 683 1280 ad
702 1254 846 1280 coenam
865 1254 1032 1280 summos
1052 1242 1163 1290 viros,

236 1295 416 1333 Nimium
431 1295 637 1346 opsonavit.
691 1295 766 1333 Sed
785 1308 936 1346 coquos,
956 1295 1063 1346 quasi
1080 1295 1119 1333 in
1138 1295 1235 1334 mari

237 1349 340 1387 Solet
357 1349 524 1386 hortator
541 1348 699 1398 remiges
717 1348 911 1396 hortarier,
1312 1351 1336 1387 5

238 1402 301 1439 Ita
317 1402 546 1439 hortabatur.
601 1402 767 1451 Egomet
785 1400 951 1439 conduxi
969 1413 1133 1452 coquum
1148 1415 1161 1438 z

238 1455 314 1492 Sed
332 1468 417 1492 eum
437 1455 598 1492 demiror
618 1465 694 1492 non
712 1454 850 1501 venire,
868 1461 911 1491 ut
925 1455 1122 1503 jusseram.

237 1507 313 1545 Sed
331 1507 398 1559 qui
416 1508 504 1546 hinc
522 1520 612 1545 nam
631 1519 654 1545 a
671 1507 778 1546 nobis
796 1507 904 1545 exit?
933 1507 1098 1558 aperitur
1115 1507 1216 1546 foris.

465 1663 648 1702 ACTUS
678 1663 755 1703 IV.
810 1662 995 1703 SCENA
1025 1663 1110 1702 ΙΙΙ.

491 1769 726 1808 DORIPPA.
766 1770 1084 1808 LY81MACHUS.

238 1876 337 1912 Dor.
368 1875 544 1914 Miserior
561 1875 698 1914 mulier
714 1888 777 1915 me
793 1888 862 1914 nec
879 1876 956 1924 fiet,
975 1888 1045 1916 nec
1061 1876 1148 1924 fuit,

239 1927 329 1965 Tali
349 1929 427 1966 viro
445 1942 530 1980 quae
547 1929 754 1979 nupserim.
807 1929 898 1967 Heu
917 1929 1063 1968 miserae
1080 1929 1175 1968 mihi
1190 1929 1201 1967 !

238 1980 344 2018 Hem
361 1982 371 2018 !
402 1982 492 2032 quoi
511 1990 560 2029 te,
577 1990 613 2020 et
631 1991 672 2020 tu
692 1996 778 2034 quae
794 1983 948 2029 habeas,
968 1983 1205 2022 commendes
1222 1982 1301 2021 viro
1315 1984 1335 2022 ἓ

238 2033 343 2072 Hem
359 2035 368 2071 !
399 2035 488 2086 quoi
506 2035 636 2073 decem
653 2037 793 2075 talenta
809 2035 906 2075 dotis
924 2036 1056 2085 detuli,

239 2087 335 2125 Haec
353 2095 397 2125 ut
414 2088 593 2136 viderem,
614 2096 658 2127 ut
673 2089 809 2129 ferrem
826 2089 895 2128 has
913 2089 1157 2128 contumelias
1172 2089 1184 2127 ἔ
1311 2091 1337 2126 5

238 2141 389 2189 Lysim.
415 2141 531 2188 Perii,
551 2141 698 2181 hercle!
732 2156 818 2182 rure
832 2144 913 2193 jam
932 2142 1043 2182 rediit
1060 2155 1158 2183 uxor
1173 2155 1282 2182 mea:
