1435 2400
489 69 794 109 CURCULIO.
824 71 858 108 Ι.
887 71 926 107 2.
1236 67 1262 110 7

426 227 613 268 ACTUS
633 230 668 268 Ι.
724 227 911 268 SCENA
930 228 990 266 ΙΙ.

287 334 434 373 LEM.
472 334 798 373 PHAEDROMUS.
843 335 1127 373 PALvsURns.

154 442 273 478 Lena.
302 441 394 479 Flos
411 441 544 479 veteris
561 440 641 478 vini
659 441 752 479 meis
771 441 926 480 naribus
943 441 1112 489 objectus
1131 448 1198 478 est.

153 495 252 542 Ejus
270 507 378 532 amos
395 494 573 545 cupidam
591 507 654 532 me
671 494 747 532 huc
764 494 914 546 prolicit
937 507 1004 544 per
1022 495 1208 531 tenebras.

155 547 250 596 Ubi,
271 548 339 585 ubi
361 547 446 586 est?
474 559 592 598 prope
611 559 674 585 me
693 555 761 586 est.
797 549 944 587 Euax.
935 547 944 572 ¹
975 547 1107 585 habeo.
1135 547 1264 593 Salve,

314 601 440 639 anime
458 600 528 648 mi,

153 653 285 692 Liberi
302 654 419 715 lepos.
460 654 518 692 Ut
535 653 669 692 veteris
687 654 826 693 vetusti
844 653 981 705 cupida
999 653 1110 691 sum!

153 706 261 745 Nam
279 707 454 745 omnium
470 710 711 767 unguentum
726 708 830 755 odor,
850 720 930 759 prae
942 714 1023 755 tuo,
1038 714 1176 744 nautea
1195 713 1264 744 oet.

153 759 220 797 Tu
238 760 335 798 mihi
354 768 484 808 stacte,
503 768 547 798 tu
566 760 866 808 cinnamomum,
887 768 931 798 tu
949 773 1047 807 rosa,
1235 759 1261 796 6

155 813 220 850 Tu
239 814 431 852 crocinum
449 821 486 852 et
503 813 602 851 casia
620 827 671 858 es,
691 822 735 852 tu
751 789 961 852 bdellium:
993 825 1097 860 nam,
1116 812 1184 851 ubi

155 866 220 903 Tu
239 867 429 916 profusus,
449 867 503 906 ibi
521 880 590 918 ego
608 879 671 906 me
687 868 870 919 pervelim
888 866 1088 917 sepultam·

153 919 243 967 Sed,
263 933 382 980 quom
399 920 525 958 adhuc
543 932 647 968 naso,
668 921 768 966 odos,
789 923 990 959 obsecutus
1009 932 1047 957 es
1064 931 1164 967 mee,

154 971 219 1010 Da
236 973 400 1011 vicissim
418 986 504 1011 meo
522 974 669 1024 gutturi
686 974 888 1034 gaudium:
1217 971 1266 1010 10

154 1024 266 1063 Nihil
284 1039 356 1076 ago
375 1034 524 1064 tecum:
554 1027 622 1064 ubi
640 1036 694 1065 est
712 1027 848 1077 ipsus?
876 1027 1006 1078 ipsum
1023 1032 1159 1077 expeto

155 1077 344 1129 Tangere
365 1079 557 1129 invergere
575 1080 616 1116 in
633 1092 696 1117 me
713 1081 878 1130 liquores
897 1087 983 1117 tuos

155 1130 247 1168 Sino
266 1131 424 1169 ductim.
465 1131 541 1170 Sed
556 1132 628 1169 hac
646 1132 753 1180 abiit,
772 1132 844 1170 1130
862 1144 1079 1183 persequar.

156 1185 288 1223 Phaed.
317 1184 406 1223 Sitit
422 1184 504 1222 haec
522 1196 630 1221 anus.

528 1238 660 1276 Palin.
688 1238 936 1286 Quantillum
954 1237 1060 1275 sitit?

843 1292 977 1329 Plzaed.
1007 1290 1164 1329 Modica
1182 1298 1263 1337 aet3

155 1341 270 1394 Capit
287 1342 527 1394 quadrantal,

526 1398 662 1436 Palin.
685 1397 772 1444 Pol,
791 1404 836 1434 ut
849 1404 893 1435 tu
910 1396 1105 1448 praedicas,
1218 1398 1266 1435 15

154 1449 363 1488 Vindemia
381 1450 462 1488 haec
477 1450 568 1488 huic
585 1450 677 1488 anui
695 1462 772 1488 non
791 1450 879 1488 satis
899 1458 953 1488 est
972 1450 1056 1489 soli.

154 1502 301 1541 Canem
321 1515 399 1541 esse
417 1503 515 1541 hanc
533 1503 689 1555 quidem
707 1503 829 1555 magis
847 1515 917 1554 par
934 1503 1036 1542 fuit:
1067 1516 1187 1554 sagax

155 1556 307 1594 Nasum
326 1556 452 1595 habet.

405 1611 526 1648 Lena.
555 1609 726 1656 Amabo,
747 1611 863 1661 quoja
880 1623 954 1648 vox
972 1618 1081 1648 sonat
1104 1610 1267 1660 procul?

157 1662 292 1701 Phaed.
333 1662 478 1701 Censeo
507 1663 606 1702 hanc
635 1662 904 1715 appellandam
933 1675 1064 1702 anum.
1121 1663 1267 1702 Adibo.

320 1716 433 1763 Redi,

158 1769 214 1807 Et
232 1769 372 1820 respice
389 1770 439 1808 ad
456 1782 519 1808 me
536 1770 627 1817 huc,
649 1770 767 1808 Lena.

614 1825 732 1861 Lena.
762 1824 976 1874 Imperator
994 1823 1081 1875 quis
1100 1832 1178 1862 oet.
1166 1823 1184 1847 '³
1212 1824 1266 1862 20

161 1875 296 1913 Phaed.
322 1874 418 1913 Vini
435 1875 596 1936 pollens,
615 1876 763 1927 lepidus
784 1876 915 1924 Liber,

159 1927 252 1966 Tibi
270 1927 337 1978 qui
355 1929 528 1977 screanti,
548 1929 668 1976 siccae,
689 1930 941 1978 semisomnae,

158 1981 285 2019 Affert
303 1981 509 2031 potionem,
529 1991 566 2020 et
585 1990 620 2020 te
638 1982 810 2021 sedatum
830 1983 870 2020 it.

159 2035 280 2073 Lena.
309 2033 441 2081 Quam
458 2034 570 2086 longe
587 2048 610 2073 a
626 2049 690 2074 me
707 2038 842 2074 abest?

743 2090 877 2128 Phaed.
906 2090 1058 2128 Lumen
1077 2090 1147 2128 hoc
1166 2088 1265 2126 vide.

157 2142 276 2179 Lena.
307 2141 556 2180 Grandiorem
574 2142 734 2192 gradum
755 2155 842 2193 ergo
861 2143 920 2181 fac
939 2143 987 2180 ad
1006 2155 1082 2187 me,
1100 2144 1268 2180 obsecro.
