1435 2400
229 62 302 125 143
534 63 868 117 ΜΕΗΟΑΤΟΒ,
899 63 955 100 11.
988 62 1021 99 1.

226 167 433 218 Flagitium
453 175 490 206 et
503 168 686 207 damnum
705 168 834 207 fecisse
850 168 954 206 haud
971 166 1215 206 mediocriter.
1275 166 1323 203 13

226 219 344 267 Dicit,
365 233 529 271 capram,
550 234 666 273 quam
692 263 699 270 Q
711 222 859 270 edetam
878 221 1098 259 servandam
1116 219 1201 266 sibi,

225 273 312 311 Suae
331 274 457 312 uxoris
475 275 600 313 dotem
619 282 680 312 am
710 260 914 313 {dedissssf‘
928 273 1082 324 Oppido
1278 271 1326 308 15

224 325 329 363 Mihi
347 327 443 364 illud
461 327 577 366 videri
594 328 750 374 mirum,
770 335 813 365 ut
834 340 909 365 una
925 326 1021 365 fflaec
1038 339 1150 378 capra

224 379 364 417 Uxoris
382 380 501 418 simiae
519 381 643 419 dotem
663 380 929 418 ambadederit.

225 432 372 470 Instare
389 433 531 471 factum
549 434 660 471 simia
675 447 685 470 ε
716 441 829 484 atque
846 433 917 471 hoc
935 432 1096 483 denique

224 484 456 536 Respondet,
476 487 516 523 ni
535 499 729 537 properem
747 486 853 523 illam
872 487 920 523 ab
939 499 1015 524 sese
1033 485 1229 530 abducere,
1279 483 1330 522 19

225 537 294 575 Ad
307 550 369 576 me
387 539 544 577 domum
561 540 660 576 intro
678 539 726 576 ad
745 551 901 576 uxorem
920 539 1124 576 ducturum
1141 549 1280 575 meam.

226 591 361 641 Atque
379 592 519 642 oppido
536 592 706 643 (hercle)
726 592 822 629 bene
839 591 936 629 velle
952 591 1009 628 illi
1027 591 1128 629 visus
1146 602 1246 636 sum,

226 643 303 681 Ast
321 656 396 682 non
415 645 551 683 habere
570 645 659 695 quoi
678 644 979 682 commendarem
1006 656 1170 694 capram.

227 696 318 744 Quo
335 697 470 748 magis,
491 697 583 748 quid
600 697 776 744 facerem,
796 697 887 734 cura
905 697 1098 734 cruciabar
1116 696 1242 734 miser.

228 749 379 787 Interea
397 750 444 788 ad
463 763 524 788 me
541 750 672 788 haedus
690 750 823 787 visu’st
841 749 1089 799 aggredirier3

228 802 322 840 Infit
340 802 434 839 mihi
453 803 666 853 praedicare,
685 815 763 840 sese
781 804 829 839 ab
848 803 959 840 simia
1277 803 1330 839 25

228 855 393 905 Capram
411 855 638 901 abduxisse3
667 862 703 893 et
716 855 825 905 coepit
843 855 992 892 irridere
1009 867 1084 893 me.

226 908 315 957 Ego
333 908 433 945 enim
452 909 595 958 lugere,
614 915 727 958 atque
744 907 851 944 issam
867 907 1069 945 abductam
1087 908 1276 959 conqueri.

229 960 317 998 Hoc
333 974 450 1011 quam
467 961 515 998 ad
534 973 614 998 rem
633 960 781 997 credam
800 960 983 1009 pertinere
1001 960 1206 1010 somnium,

228 1013 390 1064 Nequeo
409 1013 597 1051 invenire:
626 1013 698 1050 nisi
717 1025 867 1063 capram
885 1013 992 1050 illam
1011 1013 1177 1063 suspicor

227 1066 256 1104 J
259 1078 321 1103 am
336 1079 398 1103 me
415 1066 599 1104 invenisse
617 1079 702 1116 quae
721 1066 782 1111 sit,
803 1073 869 1103 aut
887 1066 980 1116 quid
999 1066 1170 1103 voluerit.
1276 1064 1329 1103 30

227 1118 295 1156 Ad
313 1126 464 1169 portum
483 1119 572 1157 hinc
590 1119 666 1156 abii
683 1131 795 1156 mane
813 1131 899 1156 cum
919 1119 995 1156 luci
1013 1118 1139 1156 simul.

228 1172 440 1223 Postquam
458 1172 523 1210 hic
540 1172 579 1209 id
598 1171 700 1223 quod
717 1171 821 1209 volui
839 1171 1014 1222 transegi,
1027 1179 1141 1223 atque
1158 1183 1226 1222 ego
1244 1182 1333 1209 con-

387 1239 404 1262 s
433 1238 509 1262 icor

228 1279 379 1316 Navem
398 1239 444 1316 epx
463 1278 616 1325 Rhodo,
635 1277 713 1329 qu⁶a
730 1277 812 1315 heri
830 1279 879 1316 ’st
895 1277 1070 1316 advectus
1087 1277 1202 1325 filius,

229 1331 454 1369 Collibitum
474 1331 521 1369 ’st
538 1331 635 1368 illud
652 1331 761 1378 mihi,
780 1331 1008 1381 nescio-qui,
1029 1331 1169 1368 visere:

228 1384 392 1422 Escendi
409 1384 448 1420 in
472 1384 658 1432 lembum,
685 1391 798 1434 atque
825 1384 874 1421 ad
898 1383 1026 1421 navim
1056 1382 1242 1421 advehor:
1273 1390 1331 1421 at-

389 1450 463 1487 que
481 1448 551 1485 ego
1277 1436 1330 1473 35

227 1490 344 1528 Illam
363 1489 550 1539 conspicio
566 1488 689 1526 forma
707 1488 847 1526 eximia
867 1489 1077 1534 mulierem,

226 1542 350 1580 Filius
369 1554 485 1593 quam
503 1541 656 1579 advexit
673 1554 780 1579 meus
797 1541 911 1578 matri
928 1542 1104 1580 ancillam
1123 1554 1211 1579 suae.

227 1595 358 1643 Quam
381 1607 451 1644 ego
474 1602 675 1645 postquam
700 1594 869 1645 adspexi,
895 1606 971 1632 non
999 1594 1053 1632 ita
1064 1607 1152 1632 amo
1178 1602 1222 1632 ut
1248 1595 1331 1633 sani

383 1648 502 1685 solent

227 1700 438 1744 Homines;
469 1700 534 1737 sed
553 1699 681 1737 eodem
701 1707 811 1750 pacto
830 1707 873 1737 ut
889 1699 1011 1738 insani
1029 1701 1160 1738 solent.
1274 1701 1328 1739 39

225 1754 371 1792 Amavi
387 1751 559 1801 (hercle)
579 1753 753 1803 equidem
773 1766 841 1803 ego
860 1753 949 1790 olim
969 1753 1007 1790 in
1028 1753 1273 1791 adolescentia
1287 1767 1299 1790 ε

227 1807 374 1844 Verum
389 1806 437 1842 ad
455 1806 526 1843 hoc
544 1806 761 1855 exemplum
775 1818 987 1856 nunquam,
1000 1814 1043 1843 ut
1056 1818 1157 1842 nunc
1171 1806 1329 1844 insanio.

225 1859 361 1899 Unum
379 1858 531 1909 quidem
552 1861 567 1909 (
586 1858 726 1907 hercle)
744 1860 826 1907 jam
845 1860 933 1905 scio,
953 1859 1103 1909 periisse
1119 1871 1206 1897 me:

226 1912 386 1950 Vosmet
402 1911 523 1949 videte
542 1919 731 1959 caeterum,
745 1912 878 1962 quanti
891 1912 995 1949 siem.

227 1966 345 2004 Nunc
362 1965 433 2002 hoc
449 1965 615 2015 profecto
633 1964 684 2001 sic
703 1971 778 2002 est:
811 1965 892 2003 haec
908 1965 974 2002 illa
986 1966 1034 2002 ’st
1052 1977 1174 2015 capra.

227 2018 316 2064 Sed,
337 2017 444 2055 simia
462 2017 530 2055 ina
542 2024 656 2068 atque
672 2017 817 2064 haedus,
839 2017 967 2064 timeo,
987 2017 1080 2068 quid
1099 2017 1226 2055 velint.
1242 2045 1246 2047 >
1274 2019 1326 2054 45

227 2070 301 2110 Sed
318 2071 581 2109 conticescam:
613 2069 779 2108 vicinum
800 2083 927 2108 eccum
946 2070 954 2107 !
987 2070 1064 2108 exit
1082 2070 1192 2108 foras.
