1435 2400
214 106 266 144 98
494 102 677 143 MENAE
683 102 884 143 CHMEI.
913 101 972 141 ΙΙ.
999 101 1036 139 3.

215 211 300 249 Prae
317 216 374 258 ut,
401 211 431 248 si
453 211 622 249 triduum
643 211 714 249 hoc
741 210 805 248 hic
826 209 978 257 erimus,
1002 214 1085 245 tum
1108 207 1254 245 arbores
1271 205 1311 243 in

373 271 409 302 te
427 265 571 303 cadent.
1258 261 1309 296 25

214 318 317 355 Nam
336 317 387 355 ita
404 325 493 356 sunt
509 318 572 356 hic
590 317 798 355 meretrices
825 328 954 354 omnes
979 314 1153 352 elecebrae
1177 324 1308 363 argen-

372 371 488 408 tariae.

214 423 289 462 Sed
313 423 390 461 sine
411 436 473 461 me
498 424 590 461 dum
611 423 708 461 hanc
733 422 967 473 compellare.
1014 421 1123 459 Heus
1147 418 1308 456 mulier!

373 477 442 514 tibi
461 477 555 514 dico.

558 532 669 567 Erot.
698 528 804 574 Quid
823 535 877 566 est
894 530 912 565 Ρ

219 585 318 621 [Wes.
345 583 424 621 Ubi
446 589 489 620 tu
506 583 608 620 hunc
625 582 817 619 hominem
837 581 974 619 novisti
985 580 1004 616 ’τ’

567 637 680 673 Erot.
710 634 873 683 Ibidem,
892 633 959 672 ubi
975 633 1037 671 hic
1055 643 1116 670 me
1130 632 1212 681 jam
1230 630 1311 679 diu,

213 689 261 727 In
280 688 511 740 Epidamno.

501 743 605 779 Mes.
635 742 683 779 In
703 741 920 793 Epidamno
934 742 952 778 ’ἓ
980 739 1047 790 qui
1065 739 1141 776 huc
1158 739 1197 775 in
1215 738 1313 776 hanc

590 796 722 832 urbem
741 795 891 845 pedem,

214 848 301 887 Nisi
318 848 443 896 hodie,
463 860 661 898 nunquam
679 848 778 884 intro
796 847 933 885 tetulit.

690 903 803 938 Erot.
831 901 931 937 Eia!
962 899 1111 937 delicias
1129 897 1232 945 facis,
1261 897 1312 934 30

214 955 277 992 Mi
305 954 555 992 Menaechme.
596 953 703 1000 Quin
734 952 905 1003 (amabo)
934 953 965 991 is
991 953 1117 990 intro?
1154 952 1218 989 hic
1244 949 1313 987 tibi

374 1016 442 1044 erit
459 1007 606 1044 rectius.

213 1062 326 1098 Blen-
357 1061 452 1097 Haec
471 1059 623 1109 quidem
645 1059 816 1110 (edepol)
833 1068 931 1098 recte
957 1059 1122 1110 appellat
1145 1069 1231 1095 meo
1252 1069 1315 1094 me

371 1113 509 1150 mulier
527 1112 690 1150 nomine.

213 1166 340 1204 Nimis
356 1165 486 1213 miror,
508 1165 600 1216 quid
617 1166 689 1203 hoc
707 1165 755 1203 sit
771 1167 912 1215 negoti.

767 1221 871 1258 Mes.
899 1218 1059 1258 Oboluit
1077 1216 1313 1268 marsupium

213 1272 318 1310 Huic
335 1273 445 1320 istuc,
465 1271 567 1322 quod
585 1271 714 1310 habes.

362 1327 474 1362 Men.
506 1325 638 1376 Atque
657 1325 827 1375 (edepol)
848 1333 890 1363 tu
907 1338 969 1363 me
985 1323 1167 1361 monuisti
1184 1324 1312 1374 probe.

213 1378 451 1428 Accipedum
475 1378 559 1415 hoc.
604 1378 697 1415 Jam
722 1379 837 1427 scibo,
859 1385 990 1416 utrum
1014 1377 1094 1415 haec
1117 1389 1180 1414 me
1203 1389 1314 1426 mage

371 1438 486 1476 amet,
506 1443 554 1467 an
570 1432 819 1482 marsupium.
1260 1430 1312 1466 35

213 1488 327 1523 Erot.
356 1485 502 1522 Eamus
527 1483 639 1531 intro,
659 1491 703 1521 ut
720 1484 981 1533 prandeamus.

548 1538 660 1573 ffIen.
689 1537 796 1574 Bene
811 1549 942 1575 vocas:
977 1535 1092 1586 [jam]
1113 1535 1232 1585 gratia
1251 1535 1311 1572 'st-

214 1593 324 1628 Erot.
368 1590 447 1628 Cur
475 1589 591 1640 igitur
622 1589 690 1627 tibi
720 1602 783 1628 me
807 1589 949 1639 jussisti
980 1601 1137 1640 coquere
1165 1588 1312 1625 dudum

368 1642 570 1692 prandium
584 1644 601 1680 ’ἓ

216 1698 327 1734 Men.
357 1696 490 1747 Egone
508 1702 544 1733 te
559 1696 656 1744 jussi
674 1696 857 1747 coquere?

618 1751 734 1787 Erot.
756 1749 889 1797 Certo,
911 1749 979 1787 tibi
997 1756 1032 1786 et
1049 1747 1212 1800 parasito
1229 1753 1309 1784 tuo.

214 1805 324 1840 Men.
355 1802 459 1850 Quoi
479 1801 642 1852 (malum
657 1801 690 1851 !)
716 1803 909 1854 parasito?
940 1803 1051 1841 Certo
1075 1802 1156 1840 haec
1179 1799 1315 1838 mulier

369 1869 445 1893 non
465 1868 556 1893 sana
571 1854 619 1893 ’st
637 1856 736 1894 satis.

214 1911 326 1946 Erot.
354 1909 548 1947 Peniculo.
1216 1933 1218 1935 -

476 1964 587 1999 Men.
617 1961 715 2009 Quis
734 1962 803 2000 iste
822 1970 876 2000 est
896 1962 1099 2000 Peniculus
1113 1962 1131 1998 ?
1160 1960 1228 2011 qui
1248 1972 1316 1997 ex-

582 2021 772 2065 tergentur
789 2017 919 2054 baxeae
931 2019 948 2054 ?
1258 2014 1311 2050 40

213 2071 324 2106 Erot.
357 2068 518 2115 Scilicet,
538 2068 604 2119 qui
629 2068 776 2106 dudum
801 2077 925 2107 tecum
950 2069 1066 2115 venit,
1094 2079 1210 2119 quom
1232 2065 1314 2117 pal-

375 2123 452 2159 lam
471 2122 568 2159 mihi

211 2174 407 2223 Detulisti‚
428 2188 543 2225 quam
563 2177 611 2213 ab
629 2188 746 2214 uxore
765 2176 831 2214 tua
851 2174 1074 2226 surripuisti.
