1435 2400
429 99 626 141 PERSA.
654 101 740 140 ΙΙΙ.
767 101 806 141 3.
1122 96 1204 136 339

93 207 375 256 Perenniserve,
393 208 514 255 lurco,
534 207 646 255 edax,
664 208 792 256 furax,
812 207 932 258 fugax
948 206 958 244 2
1161 204 1211 241 16

93 261 201 300 Cedo
228 262 278 300 sis
304 262 402 300 mihi
428 269 651 313 argentum:
687 262 738 300 da
763 261 860 299 mihi
886 267 1102 311 argentum,
1130 257 1207 295 im-

92 315 522 420 Possumpiidtznesxigere
540 367 771 420 argentum?
788 375 991 418 argentum
1007 363 1208 419 (inquam)

92 475 202 522 Quin
221 422 559 526 tucegg‘argentum
578 474 703 512 reddis
719 477 737 512 ἶ)
766 474 869 512 nilne
888 482 925 512 te
942 473 1089 525 pudet?

93 529 202 567 Leno
222 538 258 567 te
276 538 476 580 argentum
493 528 627 579 poscit,
651 527 770 565 solida
788 528 962 576 servitus,
1153 527 1208 564 20

98 583 174 619 Pro
192 581 386 620 liberanda
403 582 540 629 amica,
559 590 603 619 ut
621 593 752 619 omnes
771 581 942 619 audiant.

102 637 197 674 Tox.
228 636 332 675 Tace
351 637 538 683 (obsecro)
556 634 706 680 hercle3
727 645 801 682 nae,
821 642 889 672 tua
907 646 982 673 vox
1000 632 1125 672 valide
1142 645 1212 671 va-

252 690 330 727 let!

97 744 225 780 Dord.
256 742 487 781 Referundae
505 755 574 792 ego
591 741 713 780 habeo
726 741 902 793 linguam
919 748 1050 779 natam
1068 739 1212 791 gratiae.

99 796 250 834 Eodem
267 796 364 834 mihi
382 796 502 847 pretio
521 796 577 833 sal
594 795 839 846 praehibetur,
860 808 937 846 quo
955 794 1037 832 tibi.

97 849 188 887 hisi
207 862 270 888 me
286 850 368 888 haec
386 849 574 896 defendet,
590 861 792 900 nunquam
811 849 980 899 delinget
997 847 1128 886 salem.
1157 847 1210 884 25

103 905 199 940 Tox.
226 904 256 941 J
258 916 320 941 am
339 903 474 941 omitto
492 903 609 940 iratus
628 915 720 940 esse.
760 902 810 940 Id
828 901 898 939 tibi
917 900 1128 948 succensui,

97 956 202 1003 Quia
219 966 256 994 te
271 958 438 1006 negabas
455 955 604 994 credere
621 963 823 1006 argentum
840 955 949 993 mihi.

96 1011 223 1047 Dord.
246 1009 410 1057 Mirum,
431 1009 524 1060 quin
544 1009 614 1046 tibi
633 1022 702 1059 ego
721 1008 923 1055 crederem,
937 1015 982 1045 ut
998 1005 1216 1059 idem1mihi

98 1063 270 1109 Faceres,
290 1063 392 1114 quod
411 1062 552 1112 partim
566 1061 710 1100 faciunt
727 1062 952 1112 argentarii:

95 1116 177 1154 Ubi
195 1116 289 1168 quid
307 1116 519 1162 credideris,
539 1115 649 1153 citius
668 1114 860 1166 extemplo
878 1127 901 1152 a
918 1114 1000 1153 foro
1160 1114 1213 1151 30

99 1170 287 1220 Fugiunt,
301 1183 419 1220 quam
431 1183 479 1207 ex
490 1170 615 1219 porta,
630 1169 745 1217 ludis,
761 1180 879 1220 quom
893 1167 1083 1207 emissu'st
1093 1166 1219 1218 lepus.

105 1225 202 1261 Tooe.
232 1223 337 1274 Cape
356 1223 428 1261 hoc
446 1223 509 1260 sis.

257 1278 384 1316 Dord.
414 1276 523 1324 Quin
537 1275 603 1314 das
616 1275 634 1312 ?

523 1331 618 1367 Toae.
650 1329 817 1367 Nummi
835 1327 1001 1367 sexcenti
1016 1326 1080 1366 hic
1100 1333 1212 1365 erunt

96 1384 227 1431 Probi,
248 1383 462 1422 numerati:
493 1382 552 1422 fac
567 1384 616 1421 sit
632 1383 770 1421 mulier
785 1383 918 1431 libera,

95 1439 230 1489 Atque
247 1438 323 1476 huc
342 1437 522 1476 continuo
542 1436 699 1475 adduce.

641 1491 768 1528 Dord.
793 1489 824 1528 J
825 1502 902 1537 am,
921 1489 1026 1536 faxo,
1045 1488 1110 1526 1110
1129 1487 1213 1526 erit.

93 1545 184 1583 Non
200 1543 389 1597 (hercle),
411 1544 502 1595 quoi
520 1556 625 1581 nunc
642 1543 715 1581 hoc
732 1543 820 1581 dem
840 1542 1100 1594 spectandum,
1122 1540 1212 1579 scio.

102 1601 198 1636 Tox.
224 1599 398 1637 Fortasse
416 1598 556 1635 metuis
573 1597 613 1634 in
632 1609 791 1634 manum
816 1596 1045 1635 concredere.
1157 1594 1213 1631 36

96 1653 222 1690 Dora.
252 1652 429 1690 Mirum:
461 1651 555 1702 quin
574 1651 685 1688 citius
699 1651 781 1699 jam
807 1663 829 1687 a
847 1650 928 1688 foro
947 1647 1149 1700 argentarii

96 1705 272 1753 Abeunt,
292 1717 411 1756 quam
430 1705 471 1742 in
491 1717 604 1742 cursu
623 1703 747 1742 rotula
768 1703 1084 1741 circumvortitur.

105 1760 203 1797 Tox.
229 1758 311 1796 Abi
329 1758 420 1796 istac
440 1758 581 1795 avorsis
598 1757 806 1808 angiportis
825 1756 874 1794 ad
898 1756 1025 1794 forum
1041 1769 1054 1802 3

95 1811 248 1850 Eadem
265 1811 368 1849 istaec
386 1811 499 1849 facito
518 1811 656 1849 mulier
675 1810 725 1849 ad
742 1823 805 1848 me
822 1817 988 1848 transeat
1161 1808 1215 1845 40

100 1865 176 1903 Per
193 1865 361 1903 hortum.

258 1918 387 1957 Dord.
412 1917 441 1956 J
444 1929 508 1954 am
523 1916 602 1965 hic,
621 1916 724 1965 faxo,
745 1916 876 1955 aderit.

730 1972 827 2009 Tooe.
855 1971 915 2009 At
932 1982 982 2008 ne
999 1968 1217 2021 propalam.

104 2026 232 2065 Dora.
261 2024 459 2076 Sapienter
475 2035 578 2061 sane.

594 2077 692 2114 Tox.
718 2076 989 2128 Supplicatum
1007 2088 1088 2114 cras
1106 2082 1179 2112 eat.

107 2133 236 2172 Dord.
265 2131 330 2171 Ita
349 2128 521 2183 (hercle)
542 2142 641 2167 vero.

485 2185 583 2224 Tox.
613 2181 723 2222 Dum
742 2190 832 2229 stas,
852 2183 1018 2222 reditum
1036 2180 1220 2233 oportuit.
