1435 2400
237 89 314 127 212
440 85 617 126 MILES
646 86 979 126 GLORIOSUS.
1008 87 1067 126 ΙΙ.
1097 89 1135 124 5.

245 195 335 233 Pal.
360 193 498 244 Neque
521 206 648 245 eques,
675 205 799 245 neque
820 193 934 245 pedes
959 192 1123 244 profecto
1146 192 1352 244 quisquam

408 247 514 285 tant&
532 247 702 294 audacis,

249 299 332 348 Qui
358 313 464 350 aeque
488 299 600 338 faciat
625 299 853 338 confidenter
878 298 1103 351 quidquam,
1129 312 1247 350 quam
1272 312 1361 350 quae

413 353 588 391 mulieres
1308 354 1361 389 55

253 406 425 444 Faciunt„
470 405 527 444 Ut
544 406 743 457 utrobique
761 406 967 444 orationem
986 404 1092 443 docte
1110 404 1252 443 edidit!

253 460 310 497 Ut
328 458 530 496 sublinitur
549 471 589 496 os
608 459 752 496 custodi
769 467 866 505 cato,
894 470 1070 496 conservo
1087 470 1173 496 meo
1188 458 1199 495 !

254 512 384 550 Nimis
402 514 500 559 beat,
528 512 631 563 quod
655 520 888 550 commeatus
905 511 1103 550 transtinet
1121 518 1223 549 trans
1240 509 1363 561 parie-

414 571 504 602 tem.

256 619 355 657 Scel.
386 617 509 666 Heus,
530 617 749 655 Palaestrio!
785 618 972 656 machaeriz
990 617 1086 655 nihil
1104 628 1212 667 opus.

588 672 680 708 Pal.
707 670 814 717 Quid
829 671 939 720 jam?
965 678 1031 708 aut
1049 669 1144 721 quid
1161 680 1258 721 opus
1276 675 1332 708 est
1344 671 1363 708 ?

259 725 356 763 Scel.
380 723 499 762 Domi
518 736 642 762 eccam
661 724 817 761 herilem
834 724 1099 762 concubinam.

630 778 722 813 Pal.
747 776 881 824 Quid?
910 777 1014 814 domi
1028 779 1045 814 ἲ

862 831 958 868 Scel.
988 830 1037 867 In
1055 828 1151 867 lecto
1171 830 1296 867 cubat.
1315 829 1368 867 60

260 884 351 920 Pal.
377 881 542 933 Edepol,
572 895 634 920 nae
662 890 704 921 tu
737 882 807 921 tibi
836 883 980 921 malam
1007 894 1088 920 rem
1112 882 1296 933 reperisti,
1324 888 1369 920 ut

421 935 613 985 praedicas.

259 990 357 1027 scel.
388 987 492 1030 Quid
505 989 586 1036 jam
604 990 621 1026 ?

471 1042 562 1079 Pal.
582 1041 687 1088 Quia
704 1041 802 1079 hanc
819 1040 1003 1090 attingere
1020 1041 1149 1079 ausu's
1166 1040 1366 1079 mulierem

584 1094 647 1132 hic
665 1095 702 1131 in
723 1106 923 1144 proxumo.

259 1148 356 1186 Seel.
388 1146 517 1197 Magis
547 1146 717 1198 (hercle)
748 1154 890 1186 metuo.
927 1147 1003 1186 Sed
1031 1159 1231 1199 nunquam
1263 1148 1368 1199 quis-

417 1213 534 1250 quam
553 1200 676 1248 faciet,
697 1201 790 1252 quin
809 1213 912 1239 soror

260 1254 343 1293 Ista
361 1253 410 1290 sit
427 1265 606 1303 germana
623 1254 751 1302 hujus.

473 1308 565 1344 Pal.
585 1307 687 1345 Eam
702 1307 810 1358 (pol)
824 1314 867 1344 tu
882 1307 1114 1346 osculantem
1130 1306 1196 1346 hic
1212 1307 1369 1348 viderae.

258 1360 314 1399 Et
332 1359 486 1411 quidem
504 1360 632 1411 palam
647 1359 694 1398 ’st
712 1373 793 1398 eam
815 1373 906 1408 esse,
926 1368 971 1398 ut
987 1360 1091 1398 dicis.

771 1415 868 1452 Scel.
896 1413 1003 1460 Quid
1021 1413 1178 1464 propius
1196 1414 1285 1464 fuit,
1314 1415 1366 1453 65

259 1466 392 1515 Quam
414 1473 458 1504 ut
474 1466 651 1516 perirem,
674 1466 706 1505 si
723 1467 871 1504 locutus
887 1467 1042 1504 fuissem
1061 1467 1151 1504 hero
1163 1466 1181 1503 ἰ’

940 1521 1032 1558 Pal.
1056 1520 1178 1569 Ergo,
1199 1520 1232 1558 si
1250 1521 1365 1572 sapis,

259 1572 494 1611 Mussimbis.
534 1572 629 1610 Plus
646 1579 793 1623 oportet
811 1572 902 1611 scire
919 1586 1084 1618 servum,
1101 1586 1218 1624 quam
1230 1573 1357 1625 loqui.

257 1626 345 1676 Ego
363 1627 457 1663 abeo
475 1638 499 1663 a
515 1632 565 1674 te,
585 1638 632 1664 ne
650 1626 743 1677 quid
763 1633 888 1664 tecum
908 1626 1040 1664 consili
1059 1627 1338 1676 commisceam,

256 1679 390 1730 Atque
413 1678 517 1727 apud
540 1679 643 1718 hunc
666 1679 845 1718 vicinum.
894 1679 994 1718 Tuae
1019 1680 1117 1718 mihi
1140 1682 1261 1719 turbae
1287 1693 1366 1720 non

442 1731 575 1769 lacent.

258 1784 386 1823 Herus
411 1745 443 1822 spi
465 1784 601 1834 veniet,
623 1785 655 1824 si
671 1798 734 1824 me
757 1785 906 1838 quaerit,
925 1785 991 1825 hic
1009 1799 1095 1825 ero:
1119 1787 1209 1827 hinc
1225 1800 1289 1827 me
1305 1799 1365 1825 ar-

416 1838 558 1877 cessito.
1311 1841 1364 1885 70
