1435 2400
221 29 296 67 146
536 27 872 68 MERCATOR.
905 27 941 66 1.
969 29 1007 67 2.

219 136 339 174 Char.
371 133 644 186 Nequidquam
662 147 767 173 mare
793 133 1004 186 subterfugi
1026 134 1134 174 saevis
1155 141 1318 186 tempe·-

215 190 527 331 Equidertritlizlldi·
541 253 602 280 me
630 243 827 280 censebam
855 253 933 279 esse
960 240 1000 278 in
1025 241 1121 280 terr‘a
1142 189 1317 293 atqueffffi

374 301 455 332 tuto
487 307 576 332 oco:

216 347 365 386 Verum
382 347 490 385 video
506 360 568 385 me
586 346 633 384 ad
652 360 742 386 saxa
759 346 847 385 ferri
865 346 970 385 saevis
988 347 1175 386 fluctibus.
1265 347 1316 384 85

217 400 391 451 Loquere
409 412 532 451 porro,
554 400 647 451 quid
665 401 712 438 sit
730 408 868 438 actum.

513 454 654 491 Acant.
686 454 893 503 Postquam
913 453 1084 504 adspexit
1102 453 1317 500 mulierem,

220 506 402 557 Rogitare
419 507 573 557 occepit,
593 507 706 557 quoja
725 513 830 544 esset,

663 560 782 598 C'lzar.
811 558 919 606 Quid
936 558 1127 610 respondit
1142 559 1160 596 ,⁹

1040 614 1181 650 Acaut.
1210 610 1320 648 Illico

220 665 439 711 Occucuni,
459 672 572 716 atque
590 665 800 716 interpello,
822 664 934 703 matri
953 671 989 702 te
1006 665 1183 703 ancillam
1201 672 1277 702 tuae

221 719 371 758 Emisse
389 719 509 756 illam.

383 773 501 811 Char.
529 771 677 810 Visu'st
694 771 763 810 tibi
782 771 927 810 credere
943 769 1011 807 id?

864 825 901 861 A
907 829 1005 861 cant.
1032 823 1162 861 Etiam
1180 835 1287 874 rogas
1302 824 1320 861 ?

221 877 295 916 Sed
315 877 487 916 scelestus
507 877 709 928 subigitare
728 877 881 927 occepit.

709 932 827 969 Char.
861 930 1037 978 Illamne,
1057 931 1206 967 obsecro
1223 931 1240 965 ?
1270 929 1321 968 90

221 984 362 1022 Acant.
392 982 556 1030 Mirum,
578 982 669 1033 quin
689 996 750 1020 me
769 983 996 1033 subigitaret.

559 1037 678 1074 Clzar.
702 1035 869 1086 Edepol,
889 1048 951 1073 cor
969 1036 1147 1073 miserum
1163 1046 1292 1072 meum
1309 1034 1319 1072 !

223 1088 339 1138 Quod
357 1088 534 1140 guttatim
552 1089 790 1137 contabescit,
811 1089 919 1139 quasi
936 1089 974 1126 in
993 1101 1132 1140 aquam
1146 1087 1325 1126 indideris

380 1142 508 1179 salem.

224 1195 326 1234 Perii
342 1194 351 1231 ἔ

355 1249 496 1286 Acant.
522 1248 625 1286 Hem
641 1247 650 1285 !
682 1247 778 1286 istuc
796 1260 918 1286 unum
936 1249 1092 1287 verbum
1112 1247 1240 1286 dixisti
1259 1261 1322 1286 ve-

459 1301 685 1338 rissumum:

223 1354 392 1395 Stultitia
409 1353 509 1392 istaec
525 1362 590 1391 est.

346 1408 464 1446 Char.
495 1406 601 1454 Quid
619 1406 781 1445 faciam?
814 1405 950 1453 Credo,
968 1418 1043 1444 non
1063 1405 1186 1444 credet
1202 1414 1321 1457 pater,

222 1460 263 1499 Si
281 1459 388 1497 illam
406 1460 519 1497 matri
535 1472 629 1496 meae
648 1460 779 1497 emisse
797 1459 930 1498 dicam.
973 1460 1065 1497 Post
1082 1467 1209 1497 autem
1227 1460 1324 1497 mihi

221 1513 351 1550 Scelus
370 1512 530 1559 videtur,
549 1525 611 1550 me
628 1513 773 1563 parenti
790 1512 964 1563 proloqui
982 1512 1235 1550 mendacium.
1271 1513 1322 1551 96

222 1565 360 1617 Neque
376 1565 441 1603 ille
462 1565 598 1613 credet,
627 1577 750 1616 neque
774 1565 948 1604 credibile
960 1564 1008 1604 ’st
1030 1565 1153 1603 forma
1180 1565 1323 1604 eximia

379 1619 578 1656 mulierem

221 1671 322 1709 Eam
340 1683 403 1709 me
419 1671 554 1710 emisse
566 1671 742 1709 ancillam
760 1671 885 1709 matri.

644 1725 785 1762 Aeant.
815 1725 906 1762 Non
930 1732 1041 1770 taces,
1061 1724 1322 1764 stultissume?

223 1776 371 1825 Credet,
391 1776 539 1816 hercle.
569 1788 659 1815 nam
677 1777 878 1816 credebat
863 1790 944 1827 Jam
964 1752 1071 1814 milii.

891 1831 1008 1870 Char.
1037 1830 1177 1869 Metuo
1195 1830 1321 1879 miser,

220 1883 284 1920 Ne
301 1892 447 1934 patrem
466 1882 686 1933 prehendat,
705 1891 750 1921 ut
767 1883 814 1921 sit
832 1891 937 1935 gesta
955 1897 1026 1931 reS,
1047 1883 1222 1934 suspicio.
1246 1885 1322 1922 100

221 1935 323 1983 Hoc,
344 1935 446 1988 quod
465 1944 502 1973 te
519 1948 623 1986 rog0,
642 1937 837 1987 responde,
857 1949 995 1989 quaeso.

885 1992 1026 2028 Acant.
1056 1989 1162 2037 Quid
1180 2002 1290 2040 rogas
1303 1992 1321 2029 ?

223 2043 341 2081 Char.
370 2042 479 2081 Num
498 2054 575 2081 osse
591 2041 753 2081 amicam
771 2043 952 2094 suspicari
969 2043 1070 2081 visus
1089 2042 1172 2081 est?

855 2097 996 2135 Acant.
1024 2096 1117 2135 Non
1135 2095 1238 2134 visus
1255 2102 1326 2136 est.
