1435 2400
448 81 750 121 CURCULIO.
780 82 857 121 IV.
883 84 921 119 2.
1181 84 1232 121 25

127 184 264 233 Diteis‚
284 186 484 225 damnosos
501 187 656 226 maritos
674 187 778 239 apud
797 187 1028 226 Leucadiam
1049 187 1233 239 Oppiam.

126 238 200 277 Sed
218 239 370 277 interim
389 240 486 279 sores
504 243 705 292 crepuere:
735 241 877 292 linguae
895 241 1171 279 moderandum
1185 243 1234 279 'st

282 294 392 335 mihi.
1181 297 1233 332 25

376 457 563 496 ACTUS
584 456 660 495 IV.
712 456 898 496 SCENA
918 457 978 494 ΙΙ.

309 564 562 602 Cchumo.
593 563 874 602 CAPPADOX.
900 563 1048 601 cho.

126 672 243 710 Cure.
272 671 295 709 I
306 679 349 709 tu
367 684 460 722 prae,
475 670 604 722 virgo:
634 683 711 708 non
725 682 838 721 queo,
854 668 958 721 quod
975 681 1073 720 pone
1086 680 1149 706 me
1162 675 1231 717 est,

281 737 439 763 servare,

121 777 177 816 Et
194 791 346 824 aurum,
367 785 403 816 et
421 785 561 815 vectem
581 789 734 815 omnem
753 789 864 815 suam
883 789 961 815 esse
979 776 1096 824 aibat,
1117 775 1230 827 quid-

279 831 372 882 quid
389 830 469 868 haec
487 831 652 869 haberet.

124 886 220 936 Cap.
248 885 377 923 Nemo
395 884 425 921 it
442 884 598 922 inficias.

362 939 478 977 Cure.
507 938 694 976 Attamen
712 937 981 976 meliusculum
998 937 1045 974 ’st
1063 949 1228 975 monere.

122 991 219 1041 Lyc.
247 990 447 1030 Memento
471 991 686 1042 promisisse
702 998 753 1039 te,
774 991 805 1029 si
829 991 1034 1042 quisquam
1059 990 1158 1028 hanc
1181 990 1228 1028 li-

326 1057 344 1081 r

121 1096 248 1135 Causa
275 1045 396 1135 333¹:
420 1104 610 1145 assereret,
632 1097 729 1135 mihi
747 1109 859 1135 omne
876 1103 1076 1147 argentum
1105 1097 1229 1135 reddi-

278 1158 361 1188 tum
380 1151 440 1198 iri,
1201 1152 1226 1186 5

118 1202 249 1241 Minas
267 1203 433 1254 triginta.

376 1259 472 1307 Cap.
507 1256 748 1295 Meminero:
780 1257 826 1295 de
845 1257 937 1295 istoc
955 1256 1106 1308 quietus
1124 1262 1202 1294 aeto
1215 1269 1227 1292 ε

118 1309 174 1348 Et
191 1322 294 1347 nunc
311 1310 412 1348 idem
432 1310 526 1348 dico.

317 1365 434 1402 Cure.
464 1363 519 1401 Et
538 1363 836 1402 commeminisse
855 1377 923 1415 ego
941 1363 1022 1402 haec
1036 1362 1162 1401 volam
1180 1370 1230 1401 te.

122 1417 220 1467 Cap.
250 1416 444 1463 Memini3
475 1424 512 1455 et
529 1417 733 1468 mancupio
751 1417 822 1456 tibi
839 1418 949 1455 dabo.

499 1472 616 1509 Cure.
647 1470 773 1522 Egon'
794 1472 842 1509 ab
860 1471 995 1509 lenone
1013 1469 1225 1521 quidquam

116 1522 328 1575 Mancupio
347 1523 556 1575 accipiam?
584 1525 723 1576 quibis
749 1525 808 1563 sui
832 1524 928 1562 nihil
950 1531 1020 1572 est,
1048 1524 1121 1561 nisi
1148 1535 1226 1561 una

274 1578 419 1629 lingua,

117 1629 200 1678 Qui
225 1632 414 1681 abjurant,
441 1632 471 1670 si
496 1631 590 1683 quid
614 1631 800 1671 creditum
817 1632 878 1670 ’st.
931 1631 1094 1670 Alienos
1116 1642 1226 1667 man-

278 1685 447 1736 cupatis:
1177 1684 1226 1721 10

116 1736 276 1775 Alienos
295 1739 586 1784 manumittitis3
620 1739 827 1790 alienisque
844 1739 1061 1790 imperatis:

118 1790 159 1827 N
161 1802 202 1827 ec
219 1791 324 1829 vobis
343 1799 471 1830 auctor
489 1793 592 1831 ullus
610 1801 678 1832 est,
698 1805 766 1831 nee
783 1801 927 1831 vosmet
946 1793 1033 1831 estis
1052 1791 1137 1829 ulli.

117 1842 218 1881 Item
237 1857 356 1894 genus
374 1854 428 1883 aet
445 1846 640 1884 lenonium
658 1846 756 1884 inter
767 1847 954 1894 homines,
969 1858 1054 1884 meo
1069 1846 1224 1896 quidem

275 1909 417 1946 ammo,

116 1949 173 1987 Ut
189 1961 344 1997 muscae,
369 1952 518 2000 culices,
537 1953 740 2004 pedesque,
758 1953 989 2005 pulicesque,

115 2002 218 2040 Odio
237 2011 274 2041 et
292 2004 394 2042 malo
412 2014 449 2043 et
466 2007 670 2045 molestiae:
700 2008 799 2045 bono
818 2007 903 2045 usui
921 2007 1008 2045 estis
1027 2007 1136 2044 nulli.
1176 2008 1223 2044 15

112 2055 198 2094 Nec
229 2057 424 2148 vobisgum
460 2060 663 2111 quisquam
699 2060 740 2098 in
776 2060 857 2099 foro
887 2060 990 2110 frugi
1024 2061 1223 2099 consistere

275 2123 324 2148 au
353 2119 402 2149 et.

111 2161 195 2210 Qui
212 2165 390 2214 constitit,
407 2165 563 2217 culpant
577 2179 665 2206 eum
679 2181 692 2214 ς
712 2167 946 2219 conspuitur,
960 2167 1217 2219 vituperatur:

169 2227 274 2255 vot.
297 2229 349 2256 11.
978 2230 1008 2257 D
