1435 2400
220 70 272 107 60
549 68 828 110 EPIDICUS.
855 71 939 109 III.
967 73 1004 108 2.

222 175 340 214 Dedit
353 175 448 213 mihi
466 175 515 213 ad
528 176 626 214 hanc
639 189 719 214 rem
733 177 969 228 Apoecidem.
1026 175 1067 215 Is
1080 178 1183 228 apud
1195 179 1320 220 forum

379 236 508 266 manet
524 242 586 267 me
602 244 612 266 :
1270 236 1321 272 22

223 280 360 330 Quasi,
380 282 470 332 quoi
489 289 641 327 emeret,
660 290 799 321 caveat.

476 337 598 374 Strat.
627 336 746 374 Haud
763 336 874 374 male.

654 390 772 438 Epid.
799 390 828 426 J
831 402 892 427 am
910 389 989 440 ipse
1007 396 1133 427 cautor
1151 392 1324 442 captu’st.

224 440 312 492 Ipse
330 441 368 478 in
387 454 472 479 meo
490 441 586 480 collo
603 449 692 479 tuus
710 449 815 492 pater
833 455 1053 480 crumenam
1070 443 1274 482 collocavit.

224 494 265 531 Is
297 494 467 541 adornat,
506 494 706 532 adveniens
737 495 842 533 domi
871 495 1063 544 externplo
1093 502 1137 533 ut
1167 497 1324 536 maritus

381 548 459 585 fias.
1270 553 1323 588 25

224 603 348 639 Strat.
379 601 468 639 Uno
499 600 737 652 persuadebit
768 600 895 649 modo,
925 601 956 639 si
991 601 1113 650 illam,
1143 615 1229 653 quae
1257 603 1323 641 ad-

382 654 495 691 ducta
514 653 561 692 ‘st
579 666 743 701 mecum,

224 708 331 746 Mihi
349 707 507 745 ademsit
526 707 662 746 Orcus.

490 762 607 809 Epid.
637 761 753 798 Nunc
771 772 840 810 ego
858 759 955 798 hanc
972 761 1151 798 astutiam
1168 760 1325 801 institui.

225 813 436 852 Deveniam
461 813 509 850 ad
527 814 701 850 lenonem
725 813 883 850 domum
908 820 1057 864 egomet
1081 814 1205 852 solus:
1236 828 1326 854 eum

382 879 452 917 ego
470 866 624 911 docebo,

223 921 265 959 Si
277 921 343 971 qui
358 920 406 957 ad
422 931 509 957 eum
523 919 737 967 adveniant,
753 926 796 956 ut
812 918 884 957 sibi
894 919 1026 957 datum
1039 931 1118 958 osse
1130 929 1328 972 argentum

384 973 483 1010 dicat

224 1028 300 1064 Pro
319 1026 470 1063 fidicina
486 1040 495 1062 ε
527 1026 672 1076 argenti
689 1025 811 1062 minas
830 1038 868 1062 se
884 1026 1022 1062 habere
1039 1025 1326 1076 quinquaginta.

225 1080 382 1130 Quippe
400 1092 468 1128 ego
488 1079 568 1129 qui,
589 1078 730 1115 nudius
748 1078 893 1126 tertius,
914 1078 1006 1115 meis
1024 1079 1198 1116 manibus
1217 1078 1329 1118 dinu-

379 1144 522 1169 meravi
1274 1132 1324 1169 31

225 1184 301 1223 Pro
332 1185 399 1222 illa
431 1185 498 1222 tu&⁴
523 1184 658 1232 amica,
690 1197 807 1235 quam
835 1190 940 1235 pater
964 1195 1076 1221 suam
1101 1183 1221 1222 filiam
1252 1197 1330 1224 esse

382 1246 496 1275 retur.

225 1291 288 1330 Ibi
307 1291 392 1329 leno
411 1291 631 1329 sceleratum
645 1298 759 1340 caput
777 1302 891 1328 suum
909 1289 1128 1340 imprudens
1145 1289 1328 1340 alligabit,

226 1344 349 1392 Quasi
373 1357 442 1394 pro
464 1343 528 1381 illa
553 1351 752 1393 argentum
781 1342 976 1393 acceperit,
1000 1355 1086 1393 quae
1110 1348 1236 1379 tecum
1262 1343 1329 1381 ad-

384 1397 497 1434 ducta
514 1409 616 1433 nunc
635 1404 701 1434 est,

230 1452 360 1489 Clzaer.
388 1449 590 1487 Vorsutior
609 1462 660 1496 es,
682 1461 797 1500 quam
817 1454 897 1486 rota
914 1447 1093 1498 figularis.

763 1503 883 1550 Epid.
914 1502 1008 1539 Jam
1026 1513 1095 1551 ego
1112 1503 1252 1550 parabo
1279 1503 1330 1540 35

224 1556 413 1607 Aliquam
436 1555 606 1593 dolosam
631 1554 837 1602 fidicinam,
863 1566 1022 1591 nummo
1041 1553 1223 1592 conducta
1243 1568 1329 1606 quae

387 1616 435 1646 Slt
448 1622 460 1653 ;

226 1661 328 1710 Quae
353 1674 391 1699 se
419 1668 561 1699 emtam
590 1661 742 1699 simulet
754 1674 766 1707 ;
796 1674 882 1711 quae
905 1671 1011 1698 senes
1036 1659 1113 1698 duo
1137 1659 1246 1700 docta
1267 1662 1329 1700 lu-

386 1714 568 1752 dificetur.

226 1767 328 1806 Eam
346 1767 457 1805 ducet
475 1766 591 1804 simul
609 1766 811 1816 Apoecides
831 1767 879 1805 ad
897 1774 1010 1805 tuum
1026 1772 1186 1816 patrem.

954 1820 1077 1857 Strat.
1104 1820 1162 1857 Ut
1178 1822 1330 1870 parate!

226 1875 347 1924 Epid.
374 1874 476 1911 Eam
510 1871 812 1924 permeditatam‚
851 1871 945 1909 meis
982 1871 1078 1911 dolis
1113 1873 1333 1926 astutiisque

387 1934 579 1972 onustam,

227 1979 399 2018 Mittam.
456 1979 531 2017 Sed
557 1979 671 2017 nimis
694 1979 855 2028 longum
879 1977 1034 2028 loquor:
1067 1977 1134 2015 diu
1158 1989 1221 2017 me
1245 1979 1332 2018 estis

387 2032 584 2070 demorati.
1080 2058 1084 2069 .
1281 2033 1333 2070 40

229 2086 326 2125 Haee
344 2085 443 2125 scitis
459 2087 556 2135 jam,
576 2091 619 2123 ut
638 2084 768 2123 futura
787 2083 875 2124 sint.
928 2084 1053 2123 Abeo.

852 2139 978 2175 Strat.
1005 2138 1113 2176 Bene
1131 2138 1336 2178 ambulate.
