<?xml version="1.0" encoding="UTF-8"?>
<!DOCTYPE html PUBLIC "-//W3C//DTD XHTML 1.0 Transitional//EN"
    "http://www.w3.org/TR/xhtml1/DTD/xhtml1-transitional.dtd">
<html xmlns="http://www.w3.org/1999/xhtml" xml:lang="en" lang="en">
 <head>
  <title>
</title>
<meta http-equiv="Content-Type" content="text/html;charset=utf-8" />
  <meta name='ocr-system' content='tesseract 3.04.00' />
  <meta name='ocr-capabilities' content='ocr_page ocr_carea ocr_par ocr_line ocrx_word'/>
</head>
<body>
  <div class='ocr_page' id='page_1' title='image "./comoediaesupers02plauuoft/comoediaesupers02plauuoft_0315.png"; bbox 0 0 1435 2400; ppageno 0'>
   <div class='ocr_carea' id='block_1_1' title="bbox 346 83 1208 131">
    <p class='ocr_par' dir='ltr' id='par_1_1' title="bbox 346 83 1208 131">
     <span class='ocr_line' id='line_1_1' title="bbox 346 83 1208 131; baseline 0.001 -8"><span class='ocrx_word' id='word_1_1' title='bbox 346 83 784 126; x_wconf 82' lang='lat' dir='ltr'><strong>MOSTELLARIA.</strong></span> <span class='ocrx_word' id='word_1_2' title='bbox 811 85 876 124; x_wconf 91' lang='lat' dir='ltr'><strong>IV</strong></span> <span class='ocrx_word' id='word_1_3' title='bbox 876 113 887 123; x_wconf 85' lang='lat'>.</span> <span class='ocrx_word' id='word_1_4' title='bbox 916 87 955 124; x_wconf 90' lang='lat'><strong>3.</strong></span> <span class='ocrx_word' id='word_1_5' title='bbox 1129 87 1208 131; x_wconf 86' lang='lat'><strong>307</strong></span> 
     </span>
    </p>
   </div>
   <div class='ocr_carea' id='block_1_2' title="bbox 87 192 1208 1262">
    <p class='ocr_par' dir='ltr' id='par_1_2' title="bbox 87 192 1208 1262">
     <span class='ocr_line' id='line_1_2' title="bbox 93 192 1205 244; baseline -0.001 -11"><span class='ocrx_word' id='word_1_6' title='bbox 93 192 169 233; x_wconf 84' lang='lat' dir='ltr'><strong>Sed</strong></span> <span class='ocrx_word' id='word_1_7' title='bbox 187 193 301 231; x_wconf 82' lang='lat' dir='ltr'><strong>etiam</strong></span> <span class='ocrx_word' id='word_1_8' title='bbox 320 193 360 230; x_wconf 90' lang='lat' dir='ltr'><strong>in</strong></span> <span class='ocrx_word' id='word_1_9' title='bbox 378 200 495 231; x_wconf 85' lang='lat' dir='ltr'><strong>terras</strong></span> <span class='ocrx_word' id='word_1_10' title='bbox 513 193 624 239; x_wconf 86' lang='lat' dir='ltr'><strong>solas,</strong></span> <span class='ocrx_word' id='word_1_11' title='bbox 645 206 805 244; x_wconf 88' lang='lat' dir='ltr'><strong>orasque</strong></span> <span class='ocrx_word' id='word_1_12' title='bbox 827 193 984 232; x_wconf 83' lang='lat' dir='ltr'><strong>ultimas</strong></span> <span class='ocrx_word' id='word_1_13' title='bbox 1179 194 1205 231; x_wconf 88' lang='lat'>3</span> 
     </span>
     <span class='ocr_line' id='line_1_3' title="bbox 94 246 1070 295; baseline -0.001 -10"><span class='ocrx_word' id='word_1_14' title='bbox 94 247 191 286; x_wconf 87' lang='lat' dir='ltr'><strong>Sum</strong></span> <span class='ocrx_word' id='word_1_15' title='bbox 207 247 503 291; x_wconf 79' lang='lat' dir='ltr'><strong>circumvectu83</strong></span> <span class='ocrx_word' id='word_1_16' title='bbox 533 246 600 293; x_wconf 76' lang='lat' dir='ltr'><strong>ita,</strong></span> <span class='ocrx_word' id='word_1_17' title='bbox 620 247 689 285; x_wconf 91' lang='lat' dir='ltr'><strong>ubi</strong></span> <span class='ocrx_word' id='word_1_18' title='bbox 706 259 809 286; x_wconf 88' lang='lat' dir='ltr'><strong>nunc</strong></span> <span class='ocrx_word' id='word_1_19' title='bbox 828 247 913 295; x_wconf 82' lang='lat' dir='ltr'><strong>sim,</strong></span> <span class='ocrx_word' id='word_1_20' title='bbox 934 247 1070 286; x_wconf 85' lang='lat' dir='ltr'><strong>nescio.</strong></span> 
     </span>
     <span class='ocr_line' id='line_1_4' title="bbox 93 299 1203 349; baseline 0.002 -12"><span class='ocrx_word' id='word_1_21' title='bbox 93 300 242 338; x_wconf 91' lang='lat' dir='ltr'><strong>Verum</strong></span> <span class='ocrx_word' id='word_1_22' title='bbox 255 301 339 349; x_wconf 88' lang='lat' dir='ltr'><strong>jam</strong></span> <span class='ocrx_word' id='word_1_23' title='bbox 357 299 483 338; x_wconf 88' lang='lat' dir='ltr'><strong>scibo:</strong></span> <span class='ocrx_word' id='word_1_24' title='bbox 514 312 604 337; x_wconf 86' lang='lat' dir='ltr'><strong>nam</strong></span> <span class='ocrx_word' id='word_1_25' title='bbox 623 312 767 348; x_wconf 85' lang='lat' dir='ltr'><strong>eccum,</strong></span> <span class='ocrx_word' id='word_1_26' title='bbox 789 300 890 338; x_wconf 91' lang='lat' dir='ltr'><strong>unde</strong></span> <span class='ocrx_word' id='word_1_27' title='bbox 908 301 1019 339; x_wconf 88' lang='lat' dir='ltr'><strong>aedeis</strong></span> <span class='ocrx_word' id='word_1_28' title='bbox 1038 300 1140 339; x_wconf 88' lang='lat' dir='ltr'><strong>filius</strong></span> <span class='ocrx_word' id='word_1_29' title='bbox 1179 302 1203 338; x_wconf 87' lang='lat'>5</span> 
     </span>
     <span class='ocr_line' id='line_1_5' title="bbox 92 352 650 400; baseline -0.004 -8"><span class='ocrx_word' id='word_1_30' title='bbox 92 353 213 392; x_wconf 89' lang='lat' dir='ltr'><strong>Meus</strong></span> <span class='ocrx_word' id='word_1_31' title='bbox 231 354 335 391; x_wconf 84' lang='lat' dir='ltr'><strong>emit.</strong></span> <span class='ocrx_word' id='word_1_32' title='bbox 378 352 486 400; x_wconf 88' lang='lat' dir='ltr'><strong>Quid</strong></span> <span class='ocrx_word' id='word_1_33' title='bbox 504 353 559 391; x_wconf 87' lang='lat' dir='ltr'><strong>ais</strong></span> <span class='ocrx_word' id='word_1_34' title='bbox 578 361 619 391; x_wconf 86' lang='lat' dir='ltr'><strong>tu</strong></span> <span class='ocrx_word' id='word_1_35' title='bbox 637 353 650 390; x_wconf 89' lang='lat'>?</span> 
     </span>
     <span class='ocr_line' id='line_1_6' title="bbox 606 407 1207 446; baseline 0.003 -2"><span class='ocrx_word' id='word_1_36' title='bbox 606 408 701 445; x_wconf 81' lang='lat' dir='ltr'><strong>Sim.</strong></span> <span class='ocrx_word' id='word_1_37' title='bbox 727 407 769 445; x_wconf 92' lang='lat' dir='ltr'>A</span> <span class='ocrx_word' id='word_1_38' title='bbox 788 407 869 446; x_wconf 90' lang='lat' dir='ltr'><strong>foro</strong></span> <span class='ocrx_word' id='word_1_39' title='bbox 882 407 1015 446; x_wconf 82' lang='lat' dir='ltr'><strong>incedo</strong></span> <span class='ocrx_word' id='word_1_40' title='bbox 1034 407 1207 446; x_wconf 90' lang='lat' dir='ltr'><strong>domum.</strong></span> 
     </span>
     <span class='ocr_line' id='line_1_7' title="bbox 98 460 1160 512; baseline 0.001 -14"><span class='ocrx_word' id='word_1_41' title='bbox 98 461 242 498; x_wconf 75' lang='lat' dir='ltr'><strong>Theur.</strong></span> <span class='ocrx_word' id='word_1_42' title='bbox 271 460 478 512; x_wconf 84' lang='lat' dir='ltr'>Numquid</span> <span class='ocrx_word' id='word_1_43' title='bbox 496 461 676 512; x_wconf 61' lang='lat' dir='ltr'><strong>processit</strong></span> <span class='ocrx_word' id='word_1_44' title='bbox 693 461 742 498; x_wconf 86' lang='lat' dir='ltr'><strong>ad</strong></span> <span class='ocrx_word' id='word_1_45' title='bbox 760 461 887 498; x_wconf 89' lang='lat' dir='ltr'><strong>forum</strong></span> <span class='ocrx_word' id='word_1_46' title='bbox 905 460 1018 499; x_wconf 90' lang='lat' dir='ltr'><strong>hodie</strong></span> <span class='ocrx_word' id='word_1_47' title='bbox 1037 461 1126 500; x_wconf 81' lang='lat' dir='ltr'><strong>novi</strong></span> <span class='ocrx_word' id='word_1_48' title='bbox 1143 464 1160 499; x_wconf 85' lang='lat'><strong>?</strong></span> 
     </span>
     <span class='ocr_line' id='line_1_8' title="bbox 92 514 367 552; baseline -0.004 0"><span class='ocrx_word' id='word_1_49' title='bbox 92 516 192 552; x_wconf 81' lang='lat' dir='ltr'><strong>Sim.</strong></span> <span class='ocrx_word' id='word_1_50' title='bbox 221 514 367 552; x_wconf 84' lang='lat' dir='ltr'><strong>Etiam.</strong></span> 
     </span>
     <span class='ocr_line' id='line_1_9' title="bbox 212 567 697 615; baseline -0.002 -9"><span class='ocrx_word' id='word_1_51' title='bbox 212 569 357 606; x_wconf 74' lang='lat' dir='ltr'><strong>Theur.</strong></span> <span class='ocrx_word' id='word_1_52' title='bbox 384 567 493 615; x_wconf 86' lang='lat' dir='ltr'><strong>Quid</strong></span> <span class='ocrx_word' id='word_1_53' title='bbox 511 567 664 605; x_wconf 78' lang='lat' dir='ltr'><strong>tandem</strong></span> <span class='ocrx_word' id='word_1_54' title='bbox 679 569 697 605; x_wconf 75' lang='lat'><strong>,⁹</strong></span> 
     </span>
     <span class='ocr_line' id='line_1_10' title="bbox 507 620 1100 660; baseline 0.002 -1"><span class='ocrx_word' id='word_1_55' title='bbox 507 622 607 659; x_wconf 77' lang='lat' dir='ltr'><strong>Sim.</strong></span> <span class='ocrx_word' id='word_1_56' title='bbox 636 620 730 659; x_wconf 93' lang='lat' dir='ltr'><strong>Vidi</strong></span> <span class='ocrx_word' id='word_1_57' title='bbox 749 620 873 659; x_wconf 87' lang='lat' dir='ltr'><strong>efferri</strong></span> <span class='ocrx_word' id='word_1_58' title='bbox 890 628 1100 660; x_wconf 87' lang='lat' dir='ltr'><strong>mortuum.</strong></span> 
     </span>
     <span class='ocr_line' id='line_1_11' title="bbox 906 675 1202 725; baseline 0.01 -13"><span class='ocrx_word' id='word_1_59' title='bbox 906 675 1050 713; x_wconf 78' lang='lat' dir='ltr'><strong>Theur.</strong></span> <span class='ocrx_word' id='word_1_60' title='bbox 1081 675 1202 725; x_wconf 86' lang='lat' dir='ltr'><strong>Hem,</strong></span> 
     </span>
     <span class='ocr_line' id='line_1_12' title="bbox 90 727 276 766; baseline 0 0"><span class='ocrx_word' id='word_1_61' title='bbox 90 727 250 766; x_wconf 84' lang='lat' dir='ltr'><strong>Novum</strong></span> <span class='ocrx_word' id='word_1_62' title='bbox 266 728 276 766; x_wconf 90' lang='lat'><strong>!</strong></span> 
     </span>
     <span class='ocr_line' id='line_1_13' title="bbox 278 781 1149 821; baseline 0.001 -1"><span class='ocrx_word' id='word_1_63' title='bbox 278 783 377 821; x_wconf 78' lang='lat' dir='ltr'><strong>Sim.</strong></span> <span class='ocrx_word' id='word_1_64' title='bbox 411 782 548 820; x_wconf 92' lang='lat' dir='ltr'><strong>Unum</strong></span> <span class='ocrx_word' id='word_1_65' title='bbox 566 781 644 820; x_wconf 82' lang='lat' dir='ltr'><strong>vidi</strong></span> <span class='ocrx_word' id='word_1_66' title='bbox 661 788 860 820; x_wconf 88' lang='lat' dir='ltr'><strong>mortuum</strong></span> <span class='ocrx_word' id='word_1_67' title='bbox 882 782 1004 820; x_wconf 89' lang='lat' dir='ltr'><strong>efferri</strong></span> <span class='ocrx_word' id='word_1_68' title='bbox 1022 783 1122 821; x_wconf 85' lang='lat' dir='ltr'><strong>foras</strong></span> <span class='ocrx_word' id='word_1_69' title='bbox 1136 796 1149 821; x_wconf 71' lang='grc' dir='ltr'><strong>ε</strong></span> 
     </span>
     <span class='ocr_line' id='line_1_14' title="bbox 96 835 645 875; baseline -0.004 0"><span class='ocrx_word' id='word_1_70' title='bbox 96 835 221 875; x_wconf 82' lang='grc' dir='ltr'><strong>Μοᾶο</strong></span> <span class='ocrx_word' id='word_1_71' title='bbox 240 848 328 874; x_wconf 88' lang='lat' dir='ltr'><strong>eum</strong></span> <span class='ocrx_word' id='word_1_72' title='bbox 347 836 485 874; x_wconf 84' lang='lat' dir='ltr'><strong>vixisse</strong></span> <span class='ocrx_word' id='word_1_73' title='bbox 503 835 645 874; x_wconf 85' lang='lat' dir='ltr'><strong>aibant.</strong></span> 
     </span>
     <span class='ocr_line' id='line_1_15' title="bbox 631 888 1208 940; baseline 0.002 -13"><span class='ocrx_word' id='word_1_74' title='bbox 631 889 777 927; x_wconf 77' lang='lat' dir='ltr'><strong>Theur.</strong></span> <span class='ocrx_word' id='word_1_75' title='bbox 807 888 880 927; x_wconf 82' lang='lat' dir='ltr'><strong>Vae</strong></span> <span class='ocrx_word' id='word_1_76' title='bbox 898 889 1011 940; x_wconf 83' lang='lat' dir='ltr'><strong>capiti</strong></span> <span class='ocrx_word' id='word_1_77' title='bbox 1030 890 1122 928; x_wconf 78' lang='lat' dir='ltr'><strong>tuo!</strong></span> <span class='ocrx_word' id='word_1_78' title='bbox 1158 890 1208 928; x_wconf 86' lang='lat'><strong>10</strong></span> 
     </span>
     <span class='ocr_line' id='line_1_16' title="bbox 91 942 1106 994; baseline -0.002 -13"><span class='ocrx_word' id='word_1_79' title='bbox 91 945 194 982; x_wconf 80' lang='lat' dir='ltr'><strong>Sim.</strong></span> <span class='ocrx_word' id='word_1_80' title='bbox 222 943 332 990; x_wconf 87' lang='lat' dir='ltr'><strong>Quid</strong></span> <span class='ocrx_word' id='word_1_81' title='bbox 350 950 408 989; x_wconf 83' lang='lat' dir='ltr'><strong>tu,</strong></span> <span class='ocrx_word' id='word_1_82' title='bbox 428 950 472 981; x_wconf 84' lang='lat' dir='ltr'><strong>ut</strong></span> <span class='ocrx_word' id='word_1_83' title='bbox 490 942 644 989; x_wconf 86' lang='lat' dir='ltr'><strong>otiosus,</strong></span> <span class='ocrx_word' id='word_1_84' title='bbox 665 955 724 980; x_wconf 61' lang='grc' dir='ltr'><strong>τω</strong></span> <span class='ocrx_word' id='word_1_85' title='bbox 742 954 859 979; x_wconf 85' lang='lat' dir='ltr'><strong>novas</strong></span> <span class='ocrx_word' id='word_1_86' title='bbox 876 943 1106 994; x_wconf 82' lang='lat' dir='ltr'><strong>requiritas?</strong></span> 
     </span>
     <span class='ocr_line' id='line_1_17' title="bbox 97 995 847 1046; baseline -0.004 -11"><span class='ocrx_word' id='word_1_87' title='bbox 97 997 242 1035; x_wconf 73' lang='lat' dir='ltr'><strong>Theur.</strong></span> <span class='ocrx_word' id='word_1_88' title='bbox 274 996 380 1045; x_wconf 78' lang='lat' dir='ltr'><strong>Quia</strong></span> <span class='ocrx_word' id='word_1_89' title='bbox 396 995 509 1034; x_wconf 89' lang='lat' dir='ltr'><strong>hodie</strong></span> <span class='ocrx_word' id='word_1_90' title='bbox 527 995 664 1033; x_wconf 81' lang='lat' dir='ltr'><strong>adveni</strong></span> <span class='ocrx_word' id='word_1_91' title='bbox 680 1008 847 1046; x_wconf 81' lang='lat' dir='ltr'><strong>peregre.</strong></span> 
     </span>
     <span class='ocr_line' id='line_1_18' title="bbox 777 1049 1204 1099; baseline 0.005 -12"><span class='ocrx_word' id='word_1_92' title='bbox 777 1050 877 1087; x_wconf 79' lang='lat' dir='ltr'><strong>Sim.</strong></span> <span class='ocrx_word' id='word_1_93' title='bbox 905 1049 1070 1088; x_wconf 86' lang='lat' dir='ltr'><strong>Promisi</strong></span> <span class='ocrx_word' id='word_1_94' title='bbox 1088 1050 1204 1099; x_wconf 73' lang='lat' dir='ltr'><strong>foras,</strong></span> 
     </span>
     <span class='ocr_line' id='line_1_19' title="bbox 87 1104 913 1144; baseline -0.006 0"><span class='ocrx_word' id='word_1_95' title='bbox 87 1104 156 1144; x_wconf 90' lang='lat' dir='ltr'><strong>Ad</strong></span> <span class='ocrx_word' id='word_1_96' title='bbox 174 1115 320 1142; x_wconf 86' lang='lat' dir='ltr'><strong>coenam</strong></span> <span class='ocrx_word' id='word_1_97' title='bbox 338 1115 386 1142; x_wconf 88' lang='lat' dir='ltr'><strong>ne</strong></span> <span class='ocrx_word' id='word_1_98' title='bbox 404 1116 467 1141; x_wconf 89' lang='lat' dir='ltr'><strong>me</strong></span> <span class='ocrx_word' id='word_1_99' title='bbox 485 1110 528 1141; x_wconf 82' lang='lat' dir='ltr'><strong>tu</strong></span> <span class='ocrx_word' id='word_1_100' title='bbox 546 1109 584 1141; x_wconf 89' lang='lat' dir='ltr'><strong>te</strong></span> <span class='ocrx_word' id='word_1_101' title='bbox 601 1114 733 1140; x_wconf 84' lang='lat' dir='ltr'><strong>vocare</strong></span> <span class='ocrx_word' id='word_1_102' title='bbox 751 1114 913 1140; x_wconf 79' lang='lat' dir='ltr'><strong>censeas.</strong></span> 
     </span>
     <span class='ocr_line' id='line_1_20' title="bbox 97 1155 749 1207; baseline -0.003 -11"><span class='ocrx_word' id='word_1_103' title='bbox 97 1160 242 1197; x_wconf 72' lang='lat' dir='ltr'><strong>Them-</strong></span> <span class='ocrx_word' id='word_1_104' title='bbox 277 1157 398 1195; x_wconf 87' lang='lat' dir='ltr'><strong>Haud</strong></span> <span class='ocrx_word' id='word_1_105' title='bbox 416 1155 583 1207; x_wconf 88' lang='lat' dir='ltr'><strong>postulo,</strong></span> <span class='ocrx_word' id='word_1_106' title='bbox 604 1155 749 1206; x_wconf 82' lang='lat' dir='ltr'><strong>edepol.</strong></span> 
     </span>
     <span class='ocr_line' id='line_1_21' title="bbox 487 1208 1202 1262; baseline 0.003 -14"><span class='ocrx_word' id='word_1_107' title='bbox 487 1211 588 1248; x_wconf 80' lang='lat' dir='ltr'><strong>Sim.</strong></span> <span class='ocrx_word' id='word_1_108' title='bbox 615 1208 764 1247; x_wconf 87' lang='lat' dir='ltr'><strong>Verum</strong></span> <span class='ocrx_word' id='word_1_109' title='bbox 783 1222 878 1258; x_wconf 83' lang='lat' dir='ltr'><strong>cras,</strong></span> <span class='ocrx_word' id='word_1_110' title='bbox 898 1210 973 1249; x_wconf 89' lang='lat' dir='ltr'><strong>nisi</strong></span> <span class='ocrx_word' id='word_1_111' title='bbox 990 1210 1076 1262; x_wconf 87' lang='lat' dir='ltr'><strong>quis</strong></span> <span class='ocrx_word' id='word_1_112' title='bbox 1095 1211 1202 1262; x_wconf 90' lang='lat' dir='ltr'><strong>prius</strong></span> 
     </span>
    </p>
   </div>
   <div class='ocr_carea' id='block_1_3' title="bbox 87 1262 1203 1424">
    <p class='ocr_par' dir='ltr' id='par_1_3' title="bbox 87 1262 1203 1424">
     <span class='ocr_line' id='line_1_22' title="bbox 87 1262 1202 1315; baseline -0.004 -10"><span class='ocrx_word' id='word_1_113' title='bbox 87 1265 294 1305; x_wconf 83' lang='lat' dir='ltr'><strong>Vocaverit</strong></span> <span class='ocrx_word' id='word_1_114' title='bbox 311 1276 387 1311; x_wconf 88' lang='lat' dir='ltr'><strong>me,</strong></span> <span class='ocrx_word' id='word_1_115' title='bbox 408 1264 468 1302; x_wconf 89' lang='lat' dir='ltr'><strong>vel</strong></span> <span class='ocrx_word' id='word_1_116' title='bbox 487 1262 590 1315; x_wconf 87' lang='lat' dir='ltr'><strong>apud</strong></span> <span class='ocrx_word' id='word_1_117' title='bbox 609 1271 646 1300; x_wconf 91' lang='lat' dir='ltr'><strong>te</strong></span> <span class='ocrx_word' id='word_1_118' title='bbox 662 1274 866 1302; x_wconf 84' lang='lat' dir='ltr'><strong>coenavero.</strong></span> <span class='ocrx_word' id='word_1_119' title='bbox 1154 1265 1202 1301; x_wconf 84' lang='lat'><strong>15</strong></span> 
     </span>
     <span class='ocr_line' id='line_1_23' title="bbox 94 1315 1203 1424; baseline -0.001 -66"><span class='ocrx_word' id='word_1_120' title='bbox 94 1319 344 1424; x_wconf 53' lang='lat' dir='ltr'><strong>leeur.qgg</strong></span> <span class='ocrx_word' id='word_1_121' title='bbox 361 1317 484 1422; x_wconf 45' lang='lat' dir='ltr'><strong>gang-:²5</strong></span> <span class='ocrx_word' id='word_1_122' title='bbox 502 1315 659 1369; x_wconf 88' lang='lat' dir='ltr'><strong>quidem</strong></span> <span class='ocrx_word' id='word_1_123' title='bbox 689 1316 857 1368; x_wconf 87' lang='lat' dir='ltr'><strong>(edepol)</strong></span> <span class='ocrx_word' id='word_1_124' title='bbox 892 1319 1057 1368; x_wconf 78' lang='lat' dir='ltr'><strong>postulo.</strong></span> <span class='ocrx_word' id='word_1_125' title='bbox 1114 1317 1203 1356; x_wconf 81' lang='lat' dir='ltr'><strong>Nisi</strong></span> 
     </span>
    </p>
   </div>
   <div class='ocr_carea' id='block_1_4' title="bbox 86 1423 1206 2172">
    <p class='ocr_par' dir='ltr' id='par_1_4' title="bbox 86 1423 1206 2172">
     <span class='ocr_line' id='line_1_24' title="bbox 88 1423 752 1478; baseline -0.008 -12"><span class='ocrx_word' id='word_1_126' title='bbox 88 1428 145 1466; x_wconf 87' lang='lat' dir='ltr'><strong>Es</strong></span> <span class='ocrx_word' id='word_1_127' title='bbox 163 1433 382 1478; x_wconf 84' lang='lat' dir='ltr'><strong>occupatus,</strong></span> <span class='ocrx_word' id='word_1_128' title='bbox 401 1437 555 1476; x_wconf 88' lang='lat' dir='ltr'><strong>operam</strong></span> <span class='ocrx_word' id='word_1_129' title='bbox 573 1423 670 1462; x_wconf 86' lang='lat' dir='ltr'><strong>mihi</strong></span> <span class='ocrx_word' id='word_1_130' title='bbox 689 1423 752 1462; x_wconf 83' lang='lat' dir='ltr'><strong>da.</strong></span> 
     </span>
     <span class='ocr_line' id='line_1_25' title="bbox 757 1478 1091 1518; baseline 0.003 -1"><span class='ocrx_word' id='word_1_131' title='bbox 757 1480 858 1517; x_wconf 85' lang='lat' dir='ltr'><em>Sim.</em></span> <span class='ocrx_word' id='word_1_132' title='bbox 885 1478 1091 1518; x_wconf 79' lang='lat' dir='ltr'><strong>Maxume.</strong></span> 
     </span>
     <span class='ocr_line' id='line_1_26' title="bbox 93 1531 1136 1584; baseline -0.002 -11"><span class='ocrx_word' id='word_1_133' title='bbox 93 1536 236 1574; x_wconf 78' lang='lat' dir='ltr'><strong>Theur.</strong></span> <span class='ocrx_word' id='word_1_134' title='bbox 261 1533 396 1572; x_wconf 85' lang='lat' dir='ltr'><strong>Minas</strong></span> <span class='ocrx_word' id='word_1_135' title='bbox 415 1531 666 1584; x_wconf 65' lang='lat' dir='ltr'><strong>quadraginta</strong></span> <span class='ocrx_word' id='word_1_136' title='bbox 686 1532 876 1583; x_wconf 81' lang='lat' dir='ltr'><strong>accepisti,</strong></span> <span class='ocrx_word' id='word_1_137' title='bbox 892 1545 986 1584; x_wconf 85' lang='lat' dir='ltr'><strong>quas</strong></span> <span class='ocrx_word' id='word_1_138' title='bbox 1005 1533 1136 1581; x_wconf 81' lang='lat' dir='ltr'><strong>sciam,</strong></span> 
     </span>
     <span class='ocr_line' id='line_1_27' title="bbox 89 1587 425 1627; baseline -0.006 0"><span class='ocrx_word' id='word_1_139' title='bbox 89 1589 132 1627; x_wconf 89' lang='lat' dir='ltr'>A</span> <span class='ocrx_word' id='word_1_140' title='bbox 152 1587 425 1626; x_wconf 79' lang='lat' dir='ltr'><strong>Philolachete.</strong></span> 
     </span>
     <span class='ocr_line' id='line_1_28' title="bbox 348 1639 1206 1691; baseline -0.002 -12"><span class='ocrx_word' id='word_1_141' title='bbox 348 1642 447 1679; x_wconf 74' lang='lat' dir='ltr'><strong>Sim.</strong></span> <span class='ocrx_word' id='word_1_142' title='bbox 475 1640 692 1691; x_wconf 86' lang='lat' dir='ltr'><strong>Nunquam</strong></span> <span class='ocrx_word' id='word_1_143' title='bbox 710 1652 932 1687; x_wconf 88' lang='lat' dir='ltr'><strong>nummum,</strong></span> <span class='ocrx_word' id='word_1_144' title='bbox 953 1639 1056 1691; x_wconf 93' lang='lat' dir='ltr'><strong>quod</strong></span> <span class='ocrx_word' id='word_1_145' title='bbox 1074 1640 1206 1679; x_wconf 78' lang='lat' dir='ltr'><strong>sciam.</strong></span> 
     </span>
     <span class='ocr_line' id='line_1_29' title="bbox 95 1693 830 1743; baseline -0.001 -11"><span class='ocrx_word' id='word_1_146' title='bbox 95 1697 239 1736; x_wconf 79' lang='lat' dir='ltr'><strong>Theur.</strong></span> <span class='ocrx_word' id='word_1_147' title='bbox 268 1694 407 1743; x_wconf 80' lang='lat' dir='ltr'><strong>Quid?</strong></span> <span class='ocrx_word' id='word_1_148' title='bbox 437 1707 460 1732; x_wconf 87' lang='lat' dir='ltr'>a</span> <span class='ocrx_word' id='word_1_149' title='bbox 478 1693 672 1732; x_wconf 88' lang='lat' dir='ltr'><strong>Tranione</strong></span> <span class='ocrx_word' id='word_1_150' title='bbox 690 1705 796 1732; x_wconf 82' lang='lat' dir='ltr'><strong>servo</strong></span> <span class='ocrx_word' id='word_1_151' title='bbox 813 1695 830 1731; x_wconf 86' lang='lat'>?</span> 
     </span>
     <span class='ocr_line' id='line_1_30' title="bbox 641 1745 1202 1786; baseline -0.002 -1"><span class='ocrx_word' id='word_1_152' title='bbox 641 1749 739 1786; x_wconf 81' lang='lat' dir='ltr'><strong>Sim.</strong></span> <span class='ocrx_word' id='word_1_153' title='bbox 770 1747 904 1785; x_wconf 84' lang='lat' dir='ltr'><strong>Multo</strong></span> <span class='ocrx_word' id='word_1_154' title='bbox 924 1745 964 1784; x_wconf 88' lang='lat' dir='ltr'><strong>id</strong></span> <span class='ocrx_word' id='word_1_155' title='bbox 981 1745 1122 1784; x_wconf 88' lang='lat' dir='ltr'><strong>minus.</strong></span> <span class='ocrx_word' id='word_1_156' title='bbox 1149 1747 1202 1784; x_wconf 87' lang='grc'><strong>20</strong></span> 
     </span>
     <span class='ocr_line' id='line_1_31' title="bbox 92 1800 840 1849; baseline -0.005 -7"><span class='ocrx_word' id='word_1_157' title='bbox 92 1803 239 1843; x_wconf 78' lang='lat' dir='ltr'><strong>Theur.</strong></span> <span class='ocrx_word' id='word_1_158' title='bbox 271 1801 380 1849; x_wconf 85' lang='lat' dir='ltr'><strong>Quas</strong></span> <span class='ocrx_word' id='word_1_159' title='bbox 397 1801 599 1840; x_wconf 81' lang='lat' dir='ltr'><strong>arrhaboni</strong></span> <span class='ocrx_word' id='word_1_160' title='bbox 617 1801 687 1839; x_wconf 88' lang='lat' dir='ltr'><strong>tibi</strong></span> <span class='ocrx_word' id='word_1_161' title='bbox 705 1800 840 1839; x_wconf 81' lang='lat' dir='ltr'><strong>dedit?</strong></span> 
     </span>
     <span class='ocr_line' id='line_1_32' title="bbox 747 1853 1201 1902; baseline -0.002 -9"><span class='ocrx_word' id='word_1_162' title='bbox 747 1856 847 1893; x_wconf 83' lang='lat' dir='ltr'><strong>Sim.</strong></span> <span class='ocrx_word' id='word_1_163' title='bbox 875 1853 985 1902; x_wconf 90' lang='lat' dir='ltr'><strong>Quid</strong></span> <span class='ocrx_word' id='word_1_164' title='bbox 1002 1853 1168 1892; x_wconf 85' lang='lat' dir='ltr'><strong>somnias</strong></span> <span class='ocrx_word' id='word_1_165' title='bbox 1183 1855 1201 1892; x_wconf 85' lang='lat'>?</span> 
     </span>
     <span class='ocr_line' id='line_1_33' title="bbox 95 1908 1203 1960; baseline -0.005 -9"><span class='ocrx_word' id='word_1_166' title='bbox 95 1912 239 1951; x_wconf 74' lang='lat' dir='ltr'><strong>Theur.</strong></span> <span class='ocrx_word' id='word_1_167' title='bbox 266 1909 433 1959; x_wconf 85' lang='lat' dir='ltr'><strong>Egone?</strong></span> <span class='ocrx_word' id='word_1_168' title='bbox 461 1908 521 1946; x_wconf 91' lang='lat' dir='ltr'><strong>At</strong></span> <span class='ocrx_word' id='word_1_169' title='bbox 545 1908 702 1960; x_wconf 87' lang='lat' dir='ltr'><strong>quidem</strong></span> <span class='ocrx_word' id='word_1_170' title='bbox 725 1915 783 1957; x_wconf 84' lang='lat' dir='ltr'><strong>tu,</strong></span> <span class='ocrx_word' id='word_1_171' title='bbox 808 1908 876 1960; x_wconf 91' lang='lat' dir='ltr'><strong>qui</strong></span> <span class='ocrx_word' id='word_1_172' title='bbox 904 1908 997 1947; x_wconf 87' lang='lat' dir='ltr'><strong>istoc</strong></span> <span class='ocrx_word' id='word_1_173' title='bbox 1018 1914 1056 1946; x_wconf 88' lang='lat' dir='ltr'><strong>te</strong></span> <span class='ocrx_word' id='word_1_174' title='bbox 1078 1919 1203 1959; x_wconf 84' lang='lat' dir='ltr'><strong>speras</strong></span> 
     </span>
     <span class='ocr_line' id='line_1_34' title="bbox 249 1961 365 2000; baseline 0 -1"><span class='ocrx_word' id='word_1_175' title='bbox 249 1961 365 2000; x_wconf 90' lang='lat' dir='ltr'><strong>modo</strong></span> 
     </span>
     <span class='ocr_line' id='line_1_35' title="bbox 86 2014 1013 2058; baseline -0.005 0"><span class='ocrx_word' id='word_1_176' title='bbox 86 2019 242 2058; x_wconf 69' lang='lat' dir='ltr'><strong>Potaese</strong></span> <span class='ocrx_word' id='word_1_177' title='bbox 260 2014 535 2054; x_wconf 75' lang='lat' dir='ltr'><strong>dissimulando</strong></span> <span class='ocrx_word' id='word_1_178' title='bbox 554 2014 739 2054; x_wconf 88' lang='lat' dir='ltr'><strong>infectum</strong></span> <span class='ocrx_word' id='word_1_179' title='bbox 755 2014 828 2054; x_wconf 89' lang='lat' dir='ltr'><strong>hoc</strong></span> <span class='ocrx_word' id='word_1_180' title='bbox 846 2014 1013 2054; x_wconf 83' lang='lat' dir='ltr'><strong>reddere.</strong></span> 
     </span>
     <span class='ocr_line' id='line_1_36' title="bbox 88 2068 509 2118; baseline -0.014 -7"><span class='ocrx_word' id='word_1_181' title='bbox 88 2074 192 2112; x_wconf 76' lang='lat' dir='ltr'><strong>Sim.</strong></span> <span class='ocrx_word' id='word_1_182' title='bbox 219 2068 327 2118; x_wconf 90' lang='lat' dir='ltr'><strong>Quid</strong></span> <span class='ocrx_word' id='word_1_183' title='bbox 346 2076 475 2106; x_wconf 88' lang='lat' dir='ltr'><strong>autem</strong></span> <span class='ocrx_word' id='word_1_184' title='bbox 491 2070 509 2107; x_wconf 77' lang='lat'><strong>,⁹</strong></span> 
     </span>
     <span class='ocr_line' id='line_1_37' title="bbox 280 2118 1202 2172; baseline -0.003 -11"><span class='ocrx_word' id='word_1_185' title='bbox 280 2123 424 2161; x_wconf 80' lang='lat' dir='ltr'><strong>Tlaeur.</strong></span> <span class='ocrx_word' id='word_1_186' title='bbox 451 2120 584 2172; x_wconf 77' lang='lat' dir='ltr'><strong>Quod,</strong></span> <span class='ocrx_word' id='word_1_187' title='bbox 602 2134 666 2162; x_wconf 90' lang='lat' dir='ltr'><strong>me</strong></span> <span class='ocrx_word' id='word_1_188' title='bbox 683 2123 852 2172; x_wconf 79' lang='lat' dir='ltr'><strong>absente,</strong></span> <span class='ocrx_word' id='word_1_189' title='bbox 870 2128 999 2162; x_wconf 83' lang='lat' dir='ltr'><strong>tecum</strong></span> <span class='ocrx_word' id='word_1_190' title='bbox 1015 2119 1083 2160; x_wconf 78' lang='lat' dir='ltr'><strong>hic</strong></span> <span class='ocrx_word' id='word_1_191' title='bbox 1100 2118 1202 2158; x_wconf 85' lang='lat' dir='ltr'><strong>filius</strong></span> 
     </span>
    </p>
   </div>
   <div class='ocr_carea' id='block_1_5' title="bbox 90 2176 378 2230">
    <p class='ocr_par' dir='ltr' id='par_1_5' title="bbox 90 2176 378 2230">
     <span class='ocr_line' id='line_1_38' title="bbox 90 2176 378 2230; baseline -0.017 -11"><span class='ocrx_word' id='word_1_192' title='bbox 90 2176 235 2230; x_wconf 76' lang='lat' dir='ltr'><strong>Negoti</strong></span> <span class='ocrx_word' id='word_1_193' title='bbox 252 2176 378 2228; x_wconf 67' lang='lat' dir='ltr'><strong>gessit.</strong></span> 
     </span>
    </p>
   </div>
  </div>
 </body>
</html>
