1435 2400
454 68 757 109 CURCULIO.
785 69 859 108 1v.
887 72 926 108 4.
1189 71 1240 110 29

383 227 570 267 ACTUS
599 228 675 266 IV.
728 227 912 267 SCENA
940 229 1016 268 IV.

295 332 573 373 CAPPADOX.
617 334 1103 372 THERAPONTIGONUS.

150 441 245 490 Cap.
274 439 379 487 Quoi
406 441 553 478 homini
584 441 653 479 Dii
685 447 775 478 sunt
802 441 971 492 propitii,
1003 441 1037 479 ei
1067 453 1145 479 non
1174 454 1253 480 esse

302 493 416 532 iratos
432 502 540 545 puto.

145 545 355 597 Postquam
373 560 453 585 rem
471 548 639 586 divinam
658 547 741 594 feci,
761 547 864 585 venit
881 547 922 585 in
939 555 1108 586 mentem
1126 547 1237 596 mihi,

144 599 209 637 Ne
226 600 406 650 trapezita
423 600 640 639 exsulatum
657 600 804 648 abierit,
824 608 1024 652 argentum
1048 609 1092 639 ut
1110 609 1253 652 petam,

143 652 200 691 Ut
218 665 287 704 ego
305 653 431 704 potius
448 654 649 703 comedim,
671 666 788 706 quam
806 653 882 692 ille.

686 709 802 746 Ther.
829 706 1025 746 Jusseram
1044 707 1186 745 salvere
1205 715 1255 746 te.

151 760 249 811 Cap.
291 759 876 813 Therapontigonoplatagidore,
923 760 1050 799 salve!
1120 760 1257 800 Salvus

307 826 422 864 quom
443 814 597 853 advenis
1230 816 1255 851 5

144 865 195 904 In
222 866 479 918 Epidaurum,
508 868 573 907 hic
594 868 707 907 hodie
738 867 844 919 apud
874 880 938 906 me
965 879 1164 919 nunquam
1191 867 1259 906 de-

305 920 426 971 lingoe
445 922 577 961 salem.

153 973 270 1011 Ther.
298 973 407 1012 Bene
424 987 546 1014 vocas.
606 975 756 1014 Verum
773 981 905 1014 vocata
927 985 988 1013 τω
1005 981 1075 1023 est,
1094 982 1139 1013 ut
1157 973 1258 1013 male

305 1027 354 1064 sit
371 1027 452 1066 tibi.

146 1078 222 1118 Sed
241 1080 335 1131 quid
352 1080 432 1131 agit
448 1093 580 1119 meum
597 1081 889 1120 mercimonium
907 1081 1011 1131 apud
1028 1089 1066 1119 te
1077 1083 1096 1119 ?

630 1135 727 1185 Cap.
754 1134 866 1172 Nihi]
885 1134 989 1184 apud
1007 1147 1070 1172 me
1087 1133 1257 1185 quidem.

145 1185 211 1224 Ne
223 1185 337 1224 facias
355 1193 488 1226 testes:
520 1199 643 1239 neque
656 1187 834 1240 equidem
848 1186 965 1225 debeo
979 1187 1203 1238 quidquam.

902 1241 1016 1278 Ther.
1045 1239 1153 1288 Quid
1171 1248 1227 1279 est
1239 1242 1258 1279 ?

150 1293 247 1343 Cap.
278 1292 398 1341 Quod
414 1293 472 1332 fui
487 1296 652 1344 juratus,
672 1293 757 1332 feci.

434 1348 550 1385 Ther.
579 1346 777 1394 Reddi'n’‚
796 1358 846 1384 an
864 1357 955 1393 non,
975 1345 1176 1396 virginem,
1209 1346 1259 1386 10

145 1398 375 1451 Priusquam
392 1407 430 1438 te
446 1400 536 1439 huic
548 1413 645 1439 meae
662 1400 857 1438 machaerae
870 1399 1020 1449 objicio,
1035 1400 1211 1450 mastigia
1224 1403 1244 1440 ‚⁹

149 1453 246 1503 Cap.
275 1453 469 1504 Vapulare
498 1466 568 1505 ego
604 1461 642 1492 te
670 1452 910 1493 vehementer
934 1453 1051 1502 jubeo
1064 1467 1076 1490 τ
1116 1465 1165 1491 ne
1195 1465 1260 1492 me

306 1507 462 1545 territes-

146 1557 224 1597 ma
250 1558 414 1599 abducta
431 1561 503 1599 'stt
534 1568 578 1600 tu
603 1560 774 1600 auferere
795 1560 887 1599 hinc
913 1572 937 1598 a
962 1571 1039 1610 me,
1068 1560 1100 1598 si
1126 1572 1259 1612 perges

146 1665 257 1705 Male
281 1666 390 1718 loqui
417 1667 608 1720 profecto:
639 1668 730 1721 quoi
756 1680 841 1719 ego,
869 1667 944 1706 nisi
971 1667 1134 1715 malum,
1162 1666 1258 1705 nihil

307 1720 436 1760 debeo.

154 1773 270 1812 Ther.
297 1773 442 1813 Mihin’
461 1775 608 1813 malum
628 1775 802 1814 minitare
816 1777 834 1813 ,⁹

477 1830 572 1879 Cap.
602 1829 737 1880 Atque
757 1827 926 1880 (edepol)
945 1839 1022 1866 non
1039 1826 1258 1874 minitabor‚

583 1881 648 1920 sed
666 1882 778 1930 dabo,
1208 1881 1257 1918 15

150 1931 255 1970 Mihi
273 1931 305 1970 si
322 1933 446 1984 pergis
463 1934 644 1973 molestus
662 1947 752 1973 eme.

645 1989 761 2026 Ther.
791 1988 898 2027 Leno
915 1988 1113 2026 minitatur
1129 1987 1225 2025 mihi
1239 1989 1258 2026 ,⁹

150 2039 329 2091 Meaeque
346 2051 487 2091 pugnae
503 2041 691 2091 proeliarae
708 2042 884 2092 plurimae
901 2042 1048 2081 obtritae
1062 2043 1220 2092 jacent?

148 2093 206 2132 At
223 2092 277 2131 ita
295 2105 357 2132 me
373 2093 560 2133 machaera
577 2103 613 2133 et
626 2096 779 2146 clypeus

968 2159 997 2185 D
1013 2149 1038 2185 3
