1435 2400
243 125 322 162 296
499 122 932 162 MOSTELLARIA.
964 123 1009 160 II
1015 123 1050 161 Ι.
1076 124 1114 162 2.

236 229 315 273 Qui
333 229 434 268 solus
453 229 548 268 facio
566 229 732 268 facinora
750 228 979 267 immortalia
994 231 1012 267 Ρ
1293 229 1345 267 90

233 283 350 320 Vehit
369 283 431 321 hic
450 283 605 321 clitellas
620 297 632 328 3
663 283 765 320 vehit
782 283 844 321 hic
862 290 990 320 autern
1009 282 1103 320 alter
1121 293 1248 319 senex.

232 335 434 373 Novitium
455 336 550 374 mihi
569 344 757 387 quaestum
776 335 922 374 institui
939 347 1014 373 non
1034 335 1206 373 malum:

227 389 332 426 Nam
351 389 536 427 muliones
555 390 679 427 mulos
698 389 910 427 clitellarios

235 442 414 479 Habent:
445 455 515 493 ego
532 442 652 480 habeo
670 442 840 480 homines
859 441 1081 480 clitellarios.

231 495 370 544 Magni
390 504 478 532 sunt
497 495 643 533 oneris:
676 495 863 546 quidquid
884 495 1072 546 imponas,
1092 494 1247 532 vehunt.
1289 495 1341 532 95

230 548 270 585 N
275 560 346 585 unc
365 548 466 586 hunc
484 548 588 586 haud
606 549 680 586 scio
699 561 746 586 an
767 549 970 599 colloquar.
1028 546 1272 598 Congrediar.

233 600 357 649 Heus,
379 601 665 652 Theuropides!

557 656 700 693 leeur.
729 655 827 703 Quis
845 654 1015 692 nominat
1034 655 1127 691 me?

239 708 359 744 Tran.
388 707 495 745 Hero
513 720 639 746 servus
657 709 826 746 multum
845 721 913 746 suo
932 707 1064 745 fidelis.

232 759 324 806 Quo
342 773 405 798 me
423 760 592 807 miseras,
614 761 726 800 affero
745 773 858 799 omne
876 762 1135 811 impetratum.

238 814 382 851 Theur.
414 813 521 860 Quid
540 813 616 852 illic
638 814 828 865 (obsecro)
849 821 928 852 tam
947 814 1014 850 diu
1033 812 1201 850 restitisti
1214 813 1232 850 ?
1269 812 1344 850 100

238 868 360 904 Tran.
391 866 480 904 Seni
500 879 575 903 non
594 868 715 904 otium
735 876 838 905 erat:
867 867 908 904 id
926 879 1011 905 sum
1030 865 1236 916 opperitus.

242 921 386 957 leeur.
415 919 637 970 Antiquum
655 921 727 958 hoc
745 920 890 958 obtines
909 927 1036 966 tuum,
1056 918 1186 956 tardus
1203 925 1247 956 ut
1264 918 1326 957 sis.

239 974 360 1010 Tran.
391 973 501 1010 Heus
521 973 591 1010 tu!
623 973 655 1011 si
673 973 774 1011 voles
793 975 951 1010 verbum
969 972 1042 1010 hoc
1061 971 1236 1022 cogitare,

227 1026 353 1064 Simul
372 1025 461 1062 flare
480 1026 703 1077 sorbereque
725 1025 831 1063 haud
848 1025 958 1063 facile

229 1078 313 1116 Est.
369 1077 455 1128 Ego
474 1078 538 1117 hic
557 1091 635 1117 esse
654 1087 690 1117 et
708 1079 787 1117 11116
805 1079 921 1116 simul
938 1077 1042 1116 haud
1059 1077 1178 1128 potui.
1268 1077 1344 1116 105

237 1133 386 1170 leeur.
414 1131 522 1179 Quid
541 1143 670 1171 nunc.
660 1135 677 1159 ⁹

583 1188 705 1224 Tran.
735 1185 842 1233 Vise,
863 1192 1001 1236 specta,
1022 1191 1090 1222 tuo
1108 1183 1304 1223 arbitratu.

239 1239 384 1277 Theur.
411 1238 514 1289 Age,
535 1238 610 1277 duc
627 1252 703 1278 me.

583 1295 705 1331 Tran.
737 1293 849 1331 Num
867 1304 994 1330 moror
1005 1291 1023 1327 ’ἓ

883 1346 1027 1384 Theur.
1059 1344 1278 1395 Subsequor
1295 1350 1346 1382 te.

235 1401 355 1437 Tran.
386 1399 510 1437 Senex
529 1400 609 1451 ipse
626 1407 663 1438 te
681 1407 769 1438 ante
787 1399 927 1438 ostium
945 1410 1075 1437 eccum
1095 1398 1301 1449 opperitur.

228 1452 304 1491 Sed
322 1459 479 1490 moestus
499 1461 553 1492 est
572 1466 612 1492 se
630 1454 741 1492 hasce
759 1452 981 1491 vendidisse.

239 1507 382 1543 Theur.
414 1504 521 1552 Quid
539 1507 721 1545 tandem?

439 1561 560 1597 Tran.
582 1560 694 1607 Orat,
713 1567 758 1597 ut
777 1557 958 1598 suadeam
977 1555 1243 1605 Philolacheti,
1266 1556 1342 1594 110

228 1612 285 1651 Ut
302 1612 392 1650 istas
410 1613 579 1650 remittat
597 1613 682 1651 sibi.

572 1667 714 1703 Theur.
745 1665 880 1713 Haud,
902 1664 1048 1716 opinor.

230 1717 314 1755 Sibi
333 1716 494 1768 quisque
512 1719 591 1756 ruri
607 1719 729 1757 metit.
787 1719 828 1757 Si
846 1719 947 1756 male
966 1725 1077 1756 emtae

226 1771 383 1818 Forent,
404 1771 515 1809 nobis
533 1772 622 1809 istas
640 1771 836 1810 redhibere
853 1771 959 1809 haud
975 1771 1115 1809 liceret.

227 1823 347 1862 Lucri
365 1823 554 1875 quidquid
572 1831 640 1871 est,
660 1825 701 1862 id
719 1825 878 1863 domum
895 1825 1042 1863 trahere
1060 1829 1218 1874 oportet.

226 1877 508 1916 Misericordias
524 1879 607 1927 jam
624 1878 764 1917 habere
781 1878 885 1916 haud
902 1878 1099 1916 hominem
1117 1882 1277 1925 oportet.

232 1931 354 1968 Tran.
382 1930 538 1969 Morare
570 1931 754 1983 (hercle),
790 1944 909 1983 quom
940 1933 1054 1970 verba
1086 1930 1178 1968 facis
1194 1945 1206 1967 z
1246 1931 1337 1968 sub-

385 1995 552 2034 sequere.

577 2040 721 2077 Theur.
750 2039 837 2077 Fiat
853 2053 863 2076 :
1265 2035 1343 2073 116

225 2090 290 2129 Do
307 2089 377 2129 tibi
395 2103 465 2142 ego
483 2104 649 2143 operam.

424 2147 543 2183 Tran.
577 2146 703 2184 Senex
721 2145 799 2185 illic
817 2154 886 2187 est.
945 2143 1078 2186 Hem!
1108 2141 1254 2183 adduxi
1273 2142 1343 2182 tibi

570 2199 782 2239 hominem.
