1435 2400
189 107 267 146 294
470 103 899 144 MOSTELLARIA.
929 104 1012 142 111.
1041 105 1078 140 2.

196 211 356 263 Percepi
374 223 484 260 super
502 211 560 249 his
577 213 689 249 rebus
709 212 845 249 nostris
865 220 901 250 te
919 211 1038 262 loqui.

198 268 294 304 Sim.
323 264 474 303 Musice
500 265 664 316 (hercle)
687 265 797 314 agitis
816 272 977 313 aetatem,
1005 264 1057 301 ita
1085 270 1128 300 ut
1147 276 1211 302 vos
1239 263 1303 301 de·

360 326 418 356 cet
435 331 444 354 :
1253 319 1305 354 40

201 371 305 409 Vino
323 378 359 409 et
377 371 492 417 victu,
512 370 656 421 piscatu
675 372 806 420 probo,
828 370 977 417 electili,

203 424 337 463 Vitam
357 423 488 462 colitis.

424 478 541 513 Tran.
572 477 714 523 Immo,
734 475 811 513 vita
830 476 987 513 antehac
1007 483 1084 514 erat
1099 490 1110 512 ε

206 531 323 569 Nunc
342 529 450 568 nobis
472 530 599 567 omnia
615 529 695 568 haec
713 529 944 568 exciderunt.

208 586 309 623 Sim.
334 582 510 630 Quidum
522 582 540 618 Ρ

414 637 533 672 Tran.
563 636 625 673 Ita
642 635 781 686 oppido
799 634 1003 673 occidimus
1022 647 1166 682 omnes,
1189 634 1309 673 Simo.

209 692 308 730 Sim.
328 690 418 727 Non
438 696 536 726 taces
549 691 567 727 ἶ)
586 701 762 740 prospere
777 688 882 726 vobis
901 696 1035 726 cuncta
1053 701 1173 739 usque
1188 688 1313 726 adhuc

208 744 482 782 Processerunt.

428 796 547 832 Tran.
576 795 650 841 Ita,
671 802 714 832 ut
733 794 838 842 dicis,
858 794 956 831 facta
973 794 1077 832 haud
1095 807 1204 845 nego.
1259 795 1311 832 46

209 849 294 888 Nos
312 847 475 900 profecto
492 849 621 898 probe,
642 854 685 885 ut
697 847 900 894 voluimus,
922 847 1100 886 viximus.

209 903 297 948 Sed,
318 902 436 947 Simo,
457 901 510 937 ita
527 912 628 939 nunc
645 907 779 939 ventus
796 912 932 938 navem

213 954 391 994 Deseruit
410 981 420 990 .
441 980 451 991 .
471 981 482 990 .
502 979 512 989 .

452 1008 553 1044 Sim.
581 1005 688 1053 Quid
707 1005 789 1044 est?
817 1006 1021 1057 quomodo,
1041 1008 1244 1058 pessume?

214 1061 363 1108 Quaene
380 1058 565 1097 subducta
581 1066 660 1097 erat
678 1066 760 1097 tuto
778 1060 818 1097 in
839 1060 934 1098 terr&
947 1060 965 1095 Ρ
1264 1063 1318 1099 50

222 1117 341 1152 Tran.
373 1112 453 1150 Hei
467 1113 477 1149 Ξ

373 1167 470 1204 Sim.
500 1164 607 1213 Quid
626 1165 707 1203 est?

539 1220 657 1258 Tran.
686 1220 758 1258 Me
775 1220 955 1259 miserum
973 1221 982 1259 !
1014 1221 1131 1259 occidi
1146 1221 1156 1259 Ζ

848 1276 950 1312 Sim.
979 1275 1090 1323 Qui?

1038 1330 1156 1365 Tran.
1189 1327 1296 1376 Quia

217 1379 335 1417 Venit
352 1380 472 1426 navis,
491 1387 625 1418 nostrae
643 1382 730 1418 navi
748 1394 832 1431 quae
850 1380 998 1431 frangat
1016 1389 1147 1419 ratem.

217 1434 317 1470 Sim.
336 1433 464 1472 Velim
482 1440 526 1470 ut
544 1434 670 1482 venes,
690 1434 846 1472 Tranio.
883 1434 957 1471 Sed
977 1434 1070 1485 quid
1089 1442 1143 1473 est
1162 1434 1319 1484 negoti?

215 1485 420 1537 Eloquere.

330 1541 451 1576 T-ran.
480 1539 607 1576 Herus
623 1553 776 1591 peregre
793 1540 907 1577 venit.

834 1595 933 1630 Sim.
962 1592 1076 1630 Tunc
1093 1593 1161 1631 tibi

218 1643 370 1681 Chorda
388 1644 577 1682 tenditur.
607 1644 723 1682 inde
712 1657 752 1682 m
769 1645 1019 1684 ferriterium·
1008 1674 1020 1692 ,
1269 1649 1320 1683 55

219 1697 383 1734 Postea
372 1709 412 1734 m
432 1709 580 1735 crucem
597 1697 709 1735 recta.

619 1751 739 1788 Tran.
767 1751 884 1789 Nunc
900 1757 938 1788 te
961 1764 1029 1802 ego
1046 1764 1113 1803 per
1131 1765 1256 1803 genua

217 1802 398 1851 Obsecro,
418 1815 466 1840 ne
482 1802 666 1840 indicium
683 1802 772 1842 hero
789 1803 902 1842 facias
920 1817 1016 1842 meo.

1075 1859 1175 1896 Sim.
1203 1858 1240 1897 E
1260 1870 1322 1897 me

219 1909 308 1952 (Ne
325 1908 417 1960 quid
435 1915 598 1957 metuas)
616 1909 713 1947 nihil
730 1910 831 1948 sciet.

753 1965 874 2002 Tran.
903 1964 1080 2013 Patrone,
1100 1965 1214 2004 salve.

216 2014 317 2051 Sim.
345 2014 456 2052 Nihil
474 2027 599 2053 moror
615 2016 711 2053 mihi
728 2015 939 2055 istiusmodi
957 2018 1134 2056 clienteis.
1267 2020 1320 2057 59

222 2068 345 2104 Tran.
373 2069 489 2106 Nunc
505 2068 590 2115 hoc,
610 2069 712 2119 quod
730 2069 778 2106 ad
796 2077 834 2108 te
851 2078 976 2109 noster
991 2083 1054 2109 me
1071 2071 1174 2110 misit
1191 2083 1321 2110 senex.

217 2121 317 2158 Sim.
340 2120 427 2158 Hoc
444 2121 540 2158 mihi
557 2122 738 2173 responde
751 2123 934 2174 primurn,
949 2124 1052 2175 quod
1065 2136 1136 2175 ego
1152 2133 1190 2163 te
1201 2137 1292 2176 rogo
1304 2139 1318 2164 2

213 2173 244 2211 J
245 2185 307 2211 am
327 2173 373 2212 de
390 2173 470 2213 istis
489 2176 599 2214 rebus
616 2183 738 2215 voster
754 2175 848 2227 quid
866 2177 980 2216 sensit
997 2189 1110 2216 senex
1121 2178 1139 2215 Ρ
