1435 2400
286 81 468 120 MILES
497 79 831 119 GLORIOSUS.
860 78 934 116 IV.
963 79 1000 117 6.
1120 78 1199 116 249

88 184 243 224 Placide
259 186 355 237 ipsa,
374 186 470 225 dum
497 186 651 224 libitum
671 187 720 224 ’st
744 185 855 232 mihi,
876 185 1007 234 otiose,
1031 197 1119 224 meo
1137 197 1198 222 ar·

189 281 192 282 ⁷
246 240 403 287 bitratu‚
423 247 468 278 ut
485 239 601 277 volui.
1174 239 1201 276 6

87 293 220 342 Pyrg.
248 293 414 331 Audi’n’
435 306 521 345 quae
538 292 707 344 loquitur
723 295 741 330 ?

346 349 437 385 Pal.
467 346 612 384 Audio.
670 346 802 390 Quam
820 345 908 383 laeta
928 346 990 393 'st,
1011 345 1102 396 quia
1119 345 1200 383 adit

460 400 508 438 ad
526 408 564 437 te
579 400 588 437 l

85 452 204 490 Acro.
234 453 272 492 O
290 451 482 490 fortunata
501 452 663 490 mulier!

496 507 630 555 Pyrg.
656 506 713 544 Ut
731 505 850 544 amari
868 505 1023 544 videor!

855 561 947 597 Pal.
975 558 1129 610 Dignus
1148 571 1199 597 es.

85 614 204 650 Acro.
234 613 452 651 Pennirum
471 611 654 665 (ecastor)
673 613 868 666 praedicas,
888 620 926 651 te
944 612 1067 651 adisse
1085 620 1200 664 atque

246 679 428 705 exorasse.

86 718 161 756 Per
179 718 392 770 epistolam,
420 727 487 758 aut
504 733 572 771 per
590 719 786 768 nuntium,
807 719 915 771 quasi
941 732 1083 771 regem,
1103 718 1199 756 adiri

246 785 334 810 eum
353 773 473 811 aiunt.
1149 771 1198 809 10

85 827 144 863 M
144 826 235 876 z‘lph.
265 826 448 878 Namque
479 825 649 878 (edepoi)
683 826 749 866 vix
781 827 856 865 fuit
888 826 997 878 copia
1033 824 1199 864 adeundi

244 887 359 931 atque
377 880 619 932 impetrandi.

84 933 176 970 Pal.
205 932 261 970 Ut
279 940 321 970 tu
339 933 505 984 inclytus
524 933 627 984 apud
644 933 821 972 mulieres
836 934 847 971 !

380 989 514 1036 Pyrg.
543 987 685 1034 Patiar,
706 987 859 1037 quando
877 986 930 1024 ita
949 986 1084 1024 Venus
1103 986 1196 1025 volt.

83 1039 201 1076 Acro.
231 1039 374 1077 Veneri
397 1041 506 1090 (pol)
533 1039 654 1078 habeo
673 1040 860 1090 gratiam:
892 1039 1142 1090 eamdemque
1159 1047 1197 1078 et

245 1105 310 1130 oro
328 1100 365 1130 et
383 1106 526 1144 quaeso,

82 1146 140 1184 Ut
171 1147 253 1195 ejus
279 1145 376 1183 mihi
404 1146 452 1184 sit
479 1146 601 1197 copia,
627 1159 743 1197 quem
773 1158 875 1193 amo,
908 1158 1100 1197 quemque
1128 1158 1194 1183 ex·

307 1212 386 1237 aeso
398 1213 412 1244 3

81 1207 356 1303 Benignssue
388 1266 476 1304 erga
506 1265 569 1290 me
598 1261 641 1290 ut
674 1252 768 1298 siet3
809 1251 913 1304 quod
941 1251 1108 1303 cupiam,
1147 1264 1196 1290 ne

240 1313 431 1356 gravetur.
1145 1305 1193 1343 15

80 1361 140 1397 M
140 1360 230 1409 ilph.
251 1360 368 1409 Spero
381 1359 435 1397 ita
448 1359 636 1397 futurum.
669 1359 919 1410 Quamquam
933 1359 1045 1397 illum
1060 1358 1194 1397 multae

240 1412 313 1450 sibi
331 1420 588 1463 expetessunt,

81 1465 156 1503 Ille
173 1465 258 1503 illas
283 1467 426 1516 spernit
451 1473 696 1517 segregatque
715 1467 763 1504 ab
785 1478 825 1503 se
844 1465 1003 1513 omneis,
1024 1473 1130 1504 extra
1156 1472 1194 1504 te

240 1531 372 1557 unam.

81 1572 201 1610 Acro.
229 1572 335 1623 Ergo
351 1573 422 1610 iste
444 1581 569 1611 metus
587 1585 650 1611 me
672 1579 850 1621 macerat,
869 1573 974 1625 quod
1000 1573 1066 1611 ille
1083 1572 1192 1610 fasti-

241 1625 368 1664 diosus
387 1634 457 1673 est,

82 1679 146 1716 Ne
164 1679 264 1716 oculi
283 1680 364 1728 ejus
381 1680 607 1720 sententiam
624 1686 787 1726 mutent,
808 1680 876 1717 ubi
893 1679 1029 1718 viderit
1045 1692 1122 1717 me.

80 1732 214 1782 Atque
226 1733 306 1781 ejus
319 1733 505 1783 elegantia
515 1745 640 1770 meam
653 1733 845 1783 extemplo
856 1733 1017 1784 speciem
1029 1739 1193 1784 spernat.

82 1785 233 1834 Mil-ph.
261 1785 354 1823 Non
373 1786 509 1830 faciet3
541 1787 686 1824 bonum
706 1786 880 1823 animum
898 1786 1007 1824 habe.

482 1841 612 1889 Pyrg.
644 1840 698 1878 Ut
714 1839 799 1888 ipsa
817 1852 855 1876 se
873 1839 1104 1877 contemnit!
1138 1839 1187 1876 21

82 1892 201 1929 Acro.
224 1891 376 1939 Metuo,
391 1903 439 1930 ne
456 1891 671 1943 praedicatio
686 1899 752 1929 tua
770 1904 871 1931 nunc
887 1905 1011 1930 meam
1027 1893 1190 1930 formam

242 1952 452 1986 exsuperet.

81 1999 140 2035 M
140 1998 233 2048 ilph.
253 1997 359 2035 Istuc
378 1998 519 2045 curavi,
539 2006 583 2036 ut
600 1998 777 2050 opinione
795 1998 899 2037 illius
916 1999 1110 2050 pulchrior
1128 1998 1189 2036 sis.

78 2051 198 2089 Acro.
227 2051 269 2090 Si
286 2049 402 2101 (pol)
422 2063 484 2089 me
503 2051 604 2090 nolet
620 2052 757 2091 ducere
772 2064 946 2100 uxorem,
965 2064 1090 2103 genua
1108 2063 1193 2089 am-

242 2104 396 2155 plectar,
