1435 2400
171 79 219 115 18
485 74 790 114 CURCULIO.
819 74 878 112 ΙΙ.
905 74 944 112 3.

169 182 226 221 Os
253 192 426 220 amarum
452 180 587 230 habeo,
613 181 743 219 dentes
768 180 926 231 plenos;
955 179 1122 231 lippiunt
1145 179 1271 218 fauces

326 234 426 271 fame
438 247 451 278 ς

169 289 246 334 Ita,
265 286 338 325 cibi
356 287 564 333 vacivitate,
585 287 694 324 venio
711 285 810 324 laxis
827 285 1000 324 lactibus.
1219 285 1273 321 40

173 341 314 378 Phaed.
341 340 434 378 Jam
452 339 537 377 edes
555 339 710 390 aliquid.

376 393 494 431 Cure.
522 393 623 430 Nolo
641 391 809 440 (hercle)
827 394 856 414 “
876 391 1083 442 aliquid:‘’
1112 397 1275 439 certum,

489 458 604 496 quam
624 445 781 496 aliquid,
800 445 962 482 mavolo.

175 500 312 537 Phaed.
344 499 486 547 Immo,
508 498 538 536 si
557 498 663 545 scias,
685 498 854 549 reliquiae
872 510 958 548 quae
978 497 1065 534 sint.

773 552 892 589 Cure.
922 549 1022 588 Scire
1041 549 1155 587 nimis
1172 549 1280 587 lubet

171 605 252 644 Ubi
288 605 409 643 sient:
449 617 539 642 nam
576 603 651 641 inis
683 603 873 642 conventis
909 614 998 640 sane
1024 603 1151 653 opu’st
1185 602 1280 640 meis

333 658 522 695 dentibus.

174 712 313 749 Pkaed.
341 711 520 758 Pernam,
535 709 735 757 abdomen,
752 722 900 755 sumen,
921 709 997 747 suis
1015 708 1225 759 glandium.

691 765 808 801 Cure.
835 762 942 800 Ai'n’
962 770 1005 799 tu
1023 762 1152 799 omnia
1168 761 1249 800 haec
1261 763 1280 800 ἓ

173 817 224 855 In
242 817 409 855 carnario
423 816 575 856 fortasse
593 815 698 853 dicis.

615 870 756 907 Phoed.
783 869 925 914 Immo,
945 868 984 905 in
1003 867 1199 913 lancibus3
1230 868 1283 905 45

175 922 275 970 Quae
292 922 362 961 tibi
380 929 469 960 sunt
487 930 630 972 parata,
650 931 853 974 postquam
872 921 1022 959 sciimus
1040 929 1256 958 venturum.

1019 975 1139 1013 Cure.
1166 973 1282 1023 Vide,

177 1027 240 1067 Ne
257 1041 320 1067 me
337 1028 458 1066 ludas.

311 1082 444 1120 Phaed.
473 1081 536 1119 Ita
554 1093 616 1118 me
634 1080 789 1129 amabit,
810 1093 927 1132 quam
945 1092 1014 1132 ego
1032 1093 1133 1130 amo,
1153 1087 1198 1118 ut
1216 1093 1286 1132 ego

440 1134 546 1171 haud
564 1136 735 1171 mentior.

178 1187 266 1235 Sed,
287 1199 364 1239 quo
382 1194 418 1225 te
436 1187 536 1234 misi,
557 1186 676 1224 nihilo
695 1199 780 1224 sum
799 1187 941 1225 certior.

859 1242 978 1279 Cure.
1005 1239 1115 1278 Nihil
1134 1239 1257 1278 attuli.

179 1295 313 1333 Phaed.
337 1293 539 1331 Perdidisti
557 1305 631 1331 me.

459 1348 574 1385 Cure.
606 1346 782 1406 Irivenire
795 1345 951 1395 possim,
970 1345 1002 1384 si
1019 1345 1115 1383 mihi
1132 1357 1284 1397 operam

177 1453 389 1512 Postqan
413 1458 480 1489 tuo
498 1398 821 1502 jussiassasrofectus
844 1464 944 1498 sum,
966 1451 1120 1502 perveni
1145 1451 1185 1489 in
1208 1451 1284 1490 Ca-

176 1557 301 1595 Video
316 1517 613 1595 tffittlihsodalem
627 1573 636 1604 3
664 1557 809 1608 argenti
825 1570 916 1607 rogo
929 1558 987 1595 uti
999 1557 1110 1596 faciat
1124 1506 1285 1609 eopia151i).

179 1610 298 1648 Scires
316 1610 411 1648 velle
429 1610 591 1659 gratiam
609 1620 715 1648 tuam
731 1624 743 1655 ;
773 1610 896 1648 noluit
912 1611 1147 1649 frustrarier:

177 1664 234 1701 Ut
252 1663 469 1752 deceltaffqe·
482 1663 676 1701 hominem
694 1662 860 1702 amicum
876 1664 1012 1713 amico,
1032 1672 1145 1715 atque
1158 1665 1286 1716 opitu-

179 1768 391 1819 Respondit
409 1729 505 1807 {ii'hi
521 1769 650 1820 paucis
668 1769 802 1817 verbis,
821 1777 935 1820 atque
953 1770 1045 1808 adeo
1063 1770 1237 1818 fideliter,

180 1821 298 1869 Quod
326 1821 398 1881 tibi
427 1830 495 1871 est,
526 1823 619 1860 item
648 1822 720 1862 sibi
743 1835 820 1861 esse
843 1835 1024 1874 magnam
1050 1824 1198 1874 argenti
1222 1824 1285 1861 in-

182 1928 322 1966 Phaed.
338 1887 484 1966 011),ἒὲ
501 1941 564 1966 me
578 1928 654 1967 tuis
673 1929 793 1967 dictis.
1231 1879 1287 1914 55

477 1983 593 2020 Cure.
625 1982 768 2031 Immo,
788 1996 907 2030 servo,
927 1990 963 2021 et
981 1990 1172 2022 servatum
1189 1983 1287 2021 volo.

181 2034 392 2125 Postquaffi
406 2034 530 2125 fig-iffi]
540 2047 762 2086 responsum
782 2037 843 2086 ’st‚
869 2037 961 2076 abeo
979 2039 1027 2076 ab
1045 2037 1113 2075 ino
1130 2043 1286 2076 mtaetus

533 2115 545 2135 5
