1435 2400
522 109 718 148 PERSA.
748 108 824 148 IV.
854 109 892 153 7.
1191 108 1271 147 353

586 217 681 266 δας.
711 216 802 255 Huc
820 216 860 254 in
882 215 1041 264 collum,
1061 214 1134 253 nisi
1152 214 1274 266 piget,

155 271 335 323 Impone.

264 323 395 363 Dord.
420 323 524 363 Vero
542 323 626 361 flat.

313 408 316 409 ν
560 379 655 428 δας.
684 375 890 429 Numquid
909 382 1087 415 caeterum
1229 374 1280 412 10

160 431 232 471 Me
250 430 362 470 voltis
375 433 394 469 ?

326 487 424 524 Tox.
453 483 560 533 Quid
579 492 658 523 tam
677 495 856 535 properas
856 485 887 531 3

793 538 888 586 δας.
922 537 986 575 Ita
1001 535 1198 587 negotium
1218 535 1278 574 'st-

163 591 363 630 Mandatae
381 604 468 643 quae
486 599 589 638 sunt,
609 590 695 629 volo
711 590 854 637 deferre
872 590 1060 641 epistolas.

163 645 374 684 Geminum
394 652 522 682 autem
539 644 694 682 fratrem
713 643 850 682 servire
868 643 998 681 audivi
1014 643 1079 681 hic
1095 655 1252 681 meum·

162 699 270 737 Eum
290 711 360 750 ego
378 706 422 736 ut
439 698 631 748 requiram
649 704 764 749 atque
781 709 826 735 ut
843 696 1045 743 redimam,
1065 696 1164 734 volo.

170 754 266 790 Tox.
287 753 422 803 Atque
440 751 612 801 (edepol)
626 758 668 788 tu
688 763 752 788 me
765 749 1033 789 commonuisti
1049 749 1154 787 haud
1172 751 1285 788 male.

163 805 307 844 Videor
325 805 461 843 vidisse
478 805 544 843 hic
561 804 686 843 forma
703 804 935 856 persimilem
954 803 1026 852 tui,
1234 804 1283 842 16

165 858 319 898 Eadem
337 858 495 897 statura.

433 913 530 961 Sag.
560 910 727 962 Quippe
745 910 813 962 qui
833 910 948 949 frater
966 909 1047 948 siet.

164 966 294 1003 Dord.
324 965 399 1003 Sed
419 965 510 1003 scire
528 965 705 1012 velimus,
726 963 831 1015 quod
849 964 920 1002 tibi
937 975 1077 1002 nomen
1097 963 1178 1002 siet.

171 1020 269 1057 Tox.
298 1017 408 1065 Quid
426 1018 561 1056 attinet
578 1030 646 1055 nos
667 1018 760 1055 scire
773 1019 791 1055 ἓ

643 1072 739 1120 δας.
765 1070 957 1109 Ausculta
972 1083 1076 1121 ergo,
1096 1078 1140 1109 ut
1154 1069 1277 1109 scias:

165 1124 510 1176 Vaniloquidorus,
525 1123 946 1175 Virginisvendonides,
1232 1124 1287 1162 20

166 1179 208 1217 N
211 1178 558 1230 ugipolyloquides
575 1176 1054 1228 Argentiexterebronides,

167 1231 523 1283 Tedigniloquides,
544 1231 1107 1282 Nummorumexpalponides·

167 1285 595 1336 Quodsemelarripides,
618 1284 1136 1335 Nunquampostea’eripidoe.

166 1340 293 1377 Dord.
315 1339 431 1377 Heu.
422 1339 431 1362 '
452 1338 591 1387 hercle,
607 1350 746 1376 nomen
760 1337 892 1376 multis
906 1337 1030 1376 modis
1044 1338 1228 1389 scriptum
1241 1339 1290 1377 'st

327 1392 466 1430 tuum!

166 1448 262 1496 δας.
292 1445 354 1484 Ita
371 1454 461 1483 sunt
477 1445 681 1484 Persarum
699 1457 846 1483 mores:
874 1445 990 1496 longa
1007 1445 1164 1483 nomina
1233 1446 1288 1485 25

167 1499 481 1550 Contortiplieata
498 1499 696 1538 habemus.
751 1498 959 1550 Numquid
977 1506 1154 1537 caeterum

165 1553 291 1592 Voltis
301 1552 320 1589 ἲ

219 1607 346 1645 Dord.
375 1605 487 1644 Vale.

364 1662 459 1709 δας.
478 1659 533 1698 Et
551 1672 640 1698 vos:
662 1671 753 1697 nam
772 1659 924 1698 animus
941 1658 983 1696 in
1000 1658 1090 1697 navi
1103 1656 1152 1697 ’st
1166 1671 1289 1698 meus.

171 1714 294 1752 Dord.
323 1713 416 1752 Cras
432 1713 504 1752 ires
522 1712 674 1765 potius3
705 1712 818 1752 hodie
835 1712 900 1752 hic
918 1725 1092 1752 coenares.
1147 1712 1259 1752 Vale.

392 1877 579 1917 ACTUS
609 1879 685 1918 IV.
741 1876 927 1918 SCENA
955 1876 1059 1917 VII.

222 1984 446 2023 Toxrntzs.
483 1984 756 2023 DoRnALus.
797 1986 1024 2025 sunum.
1059 1983 1231 2022 Vmco.

175 2093 271 2130 Tox.
300 2092 512 2142 Postquam
530 2091 609 2129 illic
627 2091 734 2140 abiit,
755 2092 876 2131 dicere
893 2091 957 2130 hic
975 2089 1130 2143 quidvis
1148 2088 1248 2128 licet.

171 2145 260 2193 Nae,
280 2145 343 2183 hic
361 2145 430 2183 tibi
449 2145 528 2184 diae
547 2145 676 2184 illuxit
693 2144 972 2184 lucrifioebilis!

168 2198 275 2238 Nam
293 2211 370 2239 non
389 2199 513 2240 em1st1‘
502 2199 510 2206 '
529 2198 642 2248 hanc,
658 2211 791 2239 verum
808 2198 930 2239 fecisti
944 2197 1068 2290 {ug}
