<?xml version="1.0" encoding="UTF-8"?>
<!DOCTYPE html PUBLIC "-//W3C//DTD XHTML 1.0 Transitional//EN"
    "http://www.w3.org/TR/xhtml1/DTD/xhtml1-transitional.dtd">
<html xmlns="http://www.w3.org/1999/xhtml" xml:lang="en" lang="en">
 <head>
  <title>
</title>
<meta http-equiv="Content-Type" content="text/html;charset=utf-8" />
  <meta name='ocr-system' content='tesseract 3.04.00' />
  <meta name='ocr-capabilities' content='ocr_page ocr_carea ocr_par ocr_line ocrx_word'/>
</head>
<body>
  <div class='ocr_page' id='page_1' title='image "./comoediaesupers02plauuoft_0204.png"; bbox 0 0 1435 2400; ppageno 0'>
   <div class='ocr_carea' id='block_1_1' title="bbox 249 71 1147 112">
    <p class='ocr_par' dir='ltr' id='par_1_1' title="bbox 249 71 1147 112">
     <span class='ocr_line' id='line_1_1' title="bbox 249 71 1147 112; baseline 0 -3"><span class='ocrx_word' id='word_1_1' title='bbox 249 71 325 110; x_wconf 80' lang='lat'>196</span> <span class='ocrx_word' id='word_1_2' title='bbox 457 72 636 112; x_wconf 87' lang='lat' dir='ltr'><strong>MILES</strong></span> <span class='ocrx_word' id='word_1_3' title='bbox 665 71 996 112; x_wconf 83' lang='lat' dir='ltr'><strong>GLORIOSUS.</strong></span> <span class='ocrx_word' id='word_1_4' title='bbox 1024 71 1082 110; x_wconf 92' lang='lat'>11.</span> <span class='ocrx_word' id='word_1_5' title='bbox 1109 74 1147 110; x_wconf 85' lang='lat'>2.</span> 
     </span>
    </p>
   </div>
   <div class='ocr_carea' id='block_1_2' title="bbox 237 177 1352 2135">
    <p class='ocr_par' dir='ltr' id='par_1_2' title="bbox 237 177 1352 2135">
     <span class='ocr_line' id='line_1_2' title="bbox 428 177 1351 230; baseline -0.002 -13"><span class='ocrx_word' id='word_1_6' title='bbox 428 181 562 229; x_wconf 73' lang='lat' dir='ltr'>Per-ip.</span> <span class='ocrx_word' id='word_1_7' title='bbox 592 179 712 217; x_wconf 83' lang='lat' dir='ltr'>Haud</span> <span class='ocrx_word' id='word_1_8' title='bbox 729 179 871 217; x_wconf 81' lang='lat' dir='ltr'>multos</span> <span class='ocrx_word' id='word_1_9' title='bbox 889 178 1072 222; x_wconf 57' lang='lat' dir='ltr'>homines,</span> <span class='ocrx_word' id='word_1_10' title='bbox 1092 178 1124 217; x_wconf 92' lang='lat' dir='ltr'>si</span> <span class='ocrx_word' id='word_1_11' title='bbox 1140 177 1351 230; x_wconf 86' lang='lat' dir='ltr'>optandum</span> 
     </span>
     <span class='ocr_line' id='line_1_3' title="bbox 537 230 1349 279; baseline -0.004 -9"><span class='ocrx_word' id='word_1_12' title='bbox 537 233 664 279; x_wconf 86' lang='lat' dir='ltr'>fuerit,</span> <span class='ocrx_word' id='word_1_13' title='bbox 1300 230 1349 267; x_wconf 91' lang='lat'>15</span> 
     </span>
     <span class='ocr_line' id='line_1_4' title="bbox 246 284 1233 337; baseline 0.001 -17"><span class='ocrx_word' id='word_1_14' title='bbox 246 284 363 322; x_wconf 80' lang='lat' dir='ltr'>Nune</span> <span class='ocrx_word' id='word_1_15' title='bbox 382 285 505 324; x_wconf 87' lang='lat' dir='ltr'>videre</span> <span class='ocrx_word' id='word_1_16' title='bbox 524 294 560 324; x_wconf 90' lang='lat' dir='ltr'>et</span> <span class='ocrx_word' id='word_1_17' title='bbox 578 285 788 333; x_wconf 88' lang='lat' dir='ltr'>convenire,</span> <span class='ocrx_word' id='word_1_18' title='bbox 809 297 926 337; x_wconf 89' lang='lat' dir='ltr'>quam</span> <span class='ocrx_word' id='word_1_19' title='bbox 944 292 996 333; x_wconf 88' lang='lat' dir='ltr'>te,</span> <span class='ocrx_word' id='word_1_20' title='bbox 1019 285 1233 324; x_wconf 84' lang='lat' dir='ltr'><strong>mavellem.</strong></span> 
     </span>
     <span class='ocr_line' id='line_1_5' title="bbox 1016 337 1350 386; baseline 0 -10"><span class='ocrx_word' id='word_1_21' title='bbox 1016 340 1108 377; x_wconf 86' lang='lat' dir='ltr'>Pal.</span> <span class='ocrx_word' id='word_1_22' title='bbox 1137 337 1244 386; x_wconf 89' lang='lat' dir='ltr'><strong>Quid</strong></span> <span class='ocrx_word' id='word_1_23' title='bbox 1262 344 1318 377; x_wconf 65' lang='lat' dir='ltr'>aet</span> <span class='ocrx_word' id='word_1_24' title='bbox 1331 339 1350 376; x_wconf 69' lang='grc' dir='ltr'><strong><em>ἓ</em></strong></span> 
     </span>
     <span class='ocr_line' id='line_1_6' title="bbox 245 390 594 443; baseline 0.009 -15"><span class='ocrx_word' id='word_1_25' title='bbox 245 390 352 438; x_wconf 86' lang='lat' dir='ltr'><strong>Quid</strong></span> <span class='ocrx_word' id='word_1_26' title='bbox 370 393 498 443; x_wconf 80' lang='lat' dir='ltr'>negoti</span> <span class='ocrx_word' id='word_1_27' title='bbox 514 393 560 430; x_wconf 88' lang='lat' dir='ltr'>&#39;st</span> <span class='ocrx_word' id='word_1_28' title='bbox 577 395 594 431; x_wconf 85' lang='lat'><strong>?</strong></span> 
     </span>
     <span class='ocr_line' id='line_1_7' title="bbox 352 445 818 497; baseline -0.002 -14"><span class='ocrx_word' id='word_1_29' title='bbox 352 447 488 495; x_wconf 74' lang='lat' dir='ltr'>Perip.</span> <span class='ocrx_word' id='word_1_30' title='bbox 515 446 594 484; x_wconf 53' lang='lat' dir='ltr'>Res</span> <span class='ocrx_word' id='word_1_31' title='bbox 612 447 739 497; x_wconf 88' lang='lat' dir='ltr'>palam</span> <span class='ocrx_word' id='word_1_32' title='bbox 759 445 818 483; x_wconf 88' lang='lat' dir='ltr'>’st.</span> 
     </span>
     <span class='ocr_line' id='line_1_8' title="bbox 600 499 1137 550; baseline -0.002 -13"><span class='ocrx_word' id='word_1_33' title='bbox 600 501 689 538; x_wconf 77' lang='lat' dir='ltr'>Pal.</span> <span class='ocrx_word' id='word_1_34' title='bbox 719 499 819 546; x_wconf 89' lang='lat' dir='ltr'>Quae</span> <span class='ocrx_word' id='word_1_35' title='bbox 836 511 894 537; x_wconf 88' lang='lat' dir='ltr'>res</span> <span class='ocrx_word' id='word_1_36' title='bbox 912 499 1040 550; x_wconf 89' lang='lat' dir='ltr'>palam</span> <span class='ocrx_word' id='word_1_37' title='bbox 1059 499 1107 537; x_wconf 88' lang='lat' dir='ltr'>’st</span> <span class='ocrx_word' id='word_1_38' title='bbox 1119 500 1137 537; x_wconf 73' lang='grc' dir='ltr'><strong><em>Ρ</em></strong></span> 
     </span>
     <span class='ocr_line' id='line_1_9' title="bbox 969 551 1352 602; baseline 0 -12"><span class='ocrx_word' id='word_1_39' title='bbox 969 553 1106 601; x_wconf 80' lang='lat' dir='ltr'>Perip.</span> <span class='ocrx_word' id='word_1_40' title='bbox 1135 551 1198 589; x_wconf 88' lang='lat' dir='ltr'>De</span> <span class='ocrx_word' id='word_1_41' title='bbox 1216 551 1352 602; x_wconf 82' lang='lat' dir='ltr'>tegulis</span> 
     </span>
     <span class='ocr_line' id='line_1_10' title="bbox 242 603 1349 656; baseline 0.001 -15"><span class='ocrx_word' id='word_1_42' title='bbox 242 603 364 642; x_wconf 85' lang='lat' dir='ltr'>Modo</span> <span class='ocrx_word' id='word_1_43' title='bbox 382 605 522 644; x_wconf 87' lang='lat' dir='ltr'>nescio-</span> <span class='ocrx_word' id='word_1_44' title='bbox 525 605 608 656; x_wconf 88' lang='lat' dir='ltr'>quis</span> <span class='ocrx_word' id='word_1_45' title='bbox 625 605 848 655; x_wconf 83' lang='lat' dir='ltr'><strong>inspectavit</strong></span> <span class='ocrx_word' id='word_1_46' title='bbox 862 613 1071 643; x_wconf 88' lang='lat' dir='ltr'>vostrorum</span> <span class='ocrx_word' id='word_1_47' title='bbox 1089 605 1349 652; x_wconf 79' lang='lat' dir='ltr'>familiarium,</span> 
     </span>
     <span class='ocr_line' id='line_1_11' title="bbox 243 657 1350 709; baseline 0.002 -15"><span class='ocrx_word' id='word_1_48' title='bbox 243 657 317 695; x_wconf 89' lang='lat' dir='ltr'>Per</span> <span class='ocrx_word' id='word_1_49' title='bbox 344 667 514 696; x_wconf 87' lang='lat' dir='ltr'>nostrum</span> <span class='ocrx_word' id='word_1_50' title='bbox 542 659 786 709; x_wconf 82' lang='lat' dir='ltr'>impluvium,</span> <span class='ocrx_word' id='word_1_51' title='bbox 816 659 918 696; x_wconf 84' lang='lat' dir='ltr'>intus</span> <span class='ocrx_word' id='word_1_52' title='bbox 946 658 1050 709; x_wconf 89' lang='lat' dir='ltr'>apud</span> <span class='ocrx_word' id='word_1_53' title='bbox 1078 670 1147 696; x_wconf 88' lang='lat' dir='ltr'>nos</span> <span class='ocrx_word' id='word_1_54' title='bbox 1173 658 1350 696; x_wconf 74' lang='lat' dir='ltr'>Philoco-</span> 
     </span>
     <span class='ocr_line' id='line_1_12' title="bbox 401 711 900 763; baseline 0.002 -15"><span class='ocrx_word' id='word_1_55' title='bbox 401 712 564 750; x_wconf 88' lang='lat' dir='ltr'>masium</span> <span class='ocrx_word' id='word_1_56' title='bbox 581 719 694 763; x_wconf 88' lang='lat' dir='ltr'>atque</span> <span class='ocrx_word' id='word_1_57' title='bbox 711 711 900 762; x_wconf 88' lang='lat' dir='ltr'>hospitem</span> 
     </span>
     <span class='ocr_line' id='line_1_13' title="bbox 241 762 494 803; baseline 0.008 -2"><span class='ocrx_word' id='word_1_58' title='bbox 241 762 494 803; x_wconf 87' lang='lat' dir='ltr'>Osculanteis</span> 
     </span>
     <span class='ocr_line' id='line_1_14' title="bbox 349 817 843 865; baseline 0 -10"><span class='ocrx_word' id='word_1_59' title='bbox 349 819 441 856; x_wconf 80' lang='lat' dir='ltr'>Pal.</span> <span class='ocrx_word' id='word_1_60' title='bbox 469 817 566 865; x_wconf 84' lang='lat' dir='ltr'>Quis</span> <span class='ocrx_word' id='word_1_61' title='bbox 584 817 699 856; x_wconf 89' lang='lat' dir='ltr'>homo</span> <span class='ocrx_word' id='word_1_62' title='bbox 718 817 843 855; x_wconf 82' lang='lat' dir='ltr'>vidit?</span> 
     </span>
     <span class='ocr_line' id='line_1_15' title="bbox 563 871 1137 921; baseline 0 -12"><span class='ocrx_word' id='word_1_63' title='bbox 563 871 697 921; x_wconf 80' lang='lat' dir='ltr'>Perip.</span> <span class='ocrx_word' id='word_1_64' title='bbox 724 871 837 908; x_wconf 89' lang='lat' dir='ltr'>Tuus</span> <span class='ocrx_word' id='word_1_65' title='bbox 855 883 1052 909; x_wconf 87' lang='lat' dir='ltr'>conservus</span> <span class='ocrx_word' id='word_1_66' title='bbox 1071 878 1137 909; x_wconf 87' lang='lat' dir='ltr'>est.</span> 
     </span>
     <span class='ocr_line' id='line_1_16' title="bbox 772 924 1350 971; baseline 0.005 -11"><span class='ocrx_word' id='word_1_67' title='bbox 772 925 865 961; x_wconf 79' lang='lat' dir='ltr'>Pal.</span> <span class='ocrx_word' id='word_1_68' title='bbox 892 924 990 971; x_wconf 89' lang='lat' dir='ltr'>Quis</span> <span class='ocrx_word' id='word_1_69' title='bbox 1008 924 1039 962; x_wconf 87' lang='lat' dir='ltr'>is</span> <span class='ocrx_word' id='word_1_70' title='bbox 1057 925 1172 962; x_wconf 92' lang='lat' dir='ltr'>homo</span> <span class='ocrx_word' id='word_1_71' title='bbox 1190 931 1245 962; x_wconf 88' lang='lat' dir='ltr'>est</span> <span class='ocrx_word' id='word_1_72' title='bbox 1260 927 1276 963; x_wconf 73' lang='lat'>‚⁹</span> <span class='ocrx_word' id='word_1_73' title='bbox 1297 926 1350 963; x_wconf 87' lang='lat'>20</span> 
     </span>
     <span class='ocr_line' id='line_1_17' title="bbox 246 976 1257 1028; baseline -0.002 -12"><span class='ocrx_word' id='word_1_74' title='bbox 246 980 381 1027; x_wconf 76' lang='lat' dir='ltr'>Perip.</span> <span class='ocrx_word' id='word_1_75' title='bbox 411 978 452 1016; x_wconf 93' lang='lat' dir='ltr'>N</span> <span class='ocrx_word' id='word_1_76' title='bbox 454 977 574 1024; x_wconf 81' lang='lat' dir='ltr'>esci03</span> <span class='ocrx_word' id='word_1_77' title='bbox 602 976 656 1014; x_wconf 85' lang='lat' dir='ltr'>ita</span> <span class='ocrx_word' id='word_1_78' title='bbox 674 976 840 1027; x_wconf 85' lang='lat' dir='ltr'>abripuit</span> <span class='ocrx_word' id='word_1_79' title='bbox 857 985 1008 1028; x_wconf 85' lang='lat' dir='ltr'>repente</span> <span class='ocrx_word' id='word_1_80' title='bbox 1026 989 1103 1014; x_wconf 86' lang='lat' dir='ltr'>sese</span> <span class='ocrx_word' id='word_1_81' title='bbox 1121 978 1257 1016; x_wconf 90' lang='lat' dir='ltr'>subito.</span> 
     </span>
     <span class='ocr_line' id='line_1_18' title="bbox 1054 1031 1350 1083; baseline 0.01 -16"><span class='ocrx_word' id='word_1_82' title='bbox 1054 1032 1146 1068; x_wconf 80' lang='lat' dir='ltr'>Pal.</span> <span class='ocrx_word' id='word_1_83' title='bbox 1173 1031 1350 1083; x_wconf 89' lang='lat' dir='ltr'>Suspicor</span> 
     </span>
     <span class='ocr_line' id='line_1_19' title="bbox 246 1084 499 1135; baseline -0.004 -13"><span class='ocrx_word' id='word_1_84' title='bbox 246 1085 317 1122; x_wconf 88' lang='lat' dir='ltr'>Me</span> <span class='ocrx_word' id='word_1_85' title='bbox 335 1084 499 1135; x_wconf 85' lang='lat' dir='ltr'>periisse.</span> 
     </span>
     <span class='ocr_line' id='line_1_20' title="bbox 406 1136 1352 1188; baseline 0 -13"><span class='ocrx_word' id='word_1_86' title='bbox 406 1139 539 1187; x_wconf 77' lang='lat' dir='ltr'>Perzp.</span> <span class='ocrx_word' id='word_1_87' title='bbox 569 1137 649 1176; x_wconf 88' lang='lat' dir='ltr'>Ubi</span> <span class='ocrx_word' id='word_1_88' title='bbox 667 1136 772 1183; x_wconf 88' lang='lat' dir='ltr'>abiit,</span> <span class='ocrx_word' id='word_1_89' title='bbox 793 1138 1010 1175; x_wconf 87' lang='lat' dir='ltr'>conclamo:</span> <span class='ocrx_word' id='word_1_90' title='bbox 1042 1139 1070 1159; x_wconf 88' lang='lat'><strong>“</strong></span> <span class='ocrx_word' id='word_1_91' title='bbox 1092 1137 1226 1175; x_wconf 85' lang='lat' dir='ltr'>Heus!</span> <span class='ocrx_word' id='word_1_92' title='bbox 1258 1138 1352 1188; x_wconf 89' lang='lat' dir='ltr'>quid</span> 
     </span>
     <span class='ocr_line' id='line_1_21' title="bbox 507 1189 1217 1250; baseline 0 -22"><span class='ocrx_word' id='word_1_93' title='bbox 507 1190 588 1241; x_wconf 88' lang='lat' dir='ltr'>agis</span> <span class='ocrx_word' id='word_1_94' title='bbox 607 1191 678 1236; x_wconf 88' lang='lat' dir='ltr'>tu,&#39;</span> <span class='ocrx_word' id='word_1_95' title='bbox 683 1190 885 1240; x_wconf 88' lang='lat' dir='ltr'>’inquam,</span> <span class='ocrx_word' id='word_1_96' title='bbox 907 1192 936 1213; x_wconf 82' lang='grc'>“</span> <span class='ocrx_word' id='word_1_97' title='bbox 955 1191 994 1227; x_wconf 90' lang='lat' dir='ltr'>in</span> <span class='ocrx_word' id='word_1_98' title='bbox 1013 1189 1173 1250; x_wconf 78' lang='lat' dir='ltr'>tegulis.</span> <span class='ocrx_word' id='word_1_99' title='bbox 1163 1191 1217 1218; x_wconf 72' lang='lat'>⁹”</span> 
     </span>
     <span class='ocr_line' id='line_1_22' title="bbox 242 1243 1255 1294; baseline 0 -13"><span class='ocrx_word' id='word_1_100' title='bbox 242 1244 316 1282; x_wconf 91' lang='lat' dir='ltr'>Ille</span> <span class='ocrx_word' id='word_1_101' title='bbox 331 1244 427 1282; x_wconf 88' lang='lat' dir='ltr'>mihi</span> <span class='ocrx_word' id='word_1_102' title='bbox 445 1245 574 1282; x_wconf 85' lang='lat' dir='ltr'>abiens</span> <span class='ocrx_word' id='word_1_103' title='bbox 591 1244 645 1281; x_wconf 87' lang='lat' dir='ltr'>ita</span> <span class='ocrx_word' id='word_1_104' title='bbox 662 1243 866 1294; x_wconf 87' lang='lat' dir='ltr'>respondit,</span> <span class='ocrx_word' id='word_1_105' title='bbox 887 1256 926 1281; x_wconf 89' lang='lat' dir='ltr'>se</span> <span class='ocrx_word' id='word_1_106' title='bbox 944 1244 1075 1281; x_wconf 84' lang='lat' dir='ltr'>sectari</span> <span class='ocrx_word' id='word_1_107' title='bbox 1092 1243 1255 1281; x_wconf 88' lang='lat' dir='ltr'>simiam.</span> 
     </span>
     <span class='ocr_line' id='line_1_23' title="bbox 242 1297 1350 1348; baseline 0 -14"><span class='ocrx_word' id='word_1_108' title='bbox 242 1299 334 1335; x_wconf 74' lang='lat' dir='ltr'>Pal.</span> <span class='ocrx_word' id='word_1_109' title='bbox 366 1298 437 1336; x_wconf 90' lang='lat' dir='ltr'>Vae</span> <span class='ocrx_word' id='word_1_110' title='bbox 455 1298 551 1335; x_wconf 89' lang='lat' dir='ltr'>mihi</span> <span class='ocrx_word' id='word_1_111' title='bbox 578 1297 727 1343; x_wconf 85' lang='lat' dir='ltr'>misero,</span> <span class='ocrx_word' id='word_1_112' title='bbox 748 1297 838 1348; x_wconf 92' lang='lat' dir='ltr'>quoi</span> <span class='ocrx_word' id='word_1_113' title='bbox 865 1297 1102 1348; x_wconf 90' lang='lat' dir='ltr'>pereundum</span> <span class='ocrx_word' id='word_1_114' title='bbox 1121 1304 1176 1335; x_wconf 89' lang='lat' dir='ltr'>est</span> <span class='ocrx_word' id='word_1_115' title='bbox 1198 1304 1350 1348; x_wconf 86' lang='lat' dir='ltr'>propter</span> 
     </span>
     <span class='ocr_line' id='line_1_24' title="bbox 401 1350 708 1389; baseline -0.003 -1"><span class='ocrx_word' id='word_1_116' title='bbox 401 1350 511 1388; x_wconf 83' lang='lat' dir='ltr'>nihili</span> <span class='ocrx_word' id='word_1_117' title='bbox 525 1350 684 1389; x_wconf 83' lang='lat' dir='ltr'>bestiam</span> <span class='ocrx_word' id='word_1_118' title='bbox 699 1350 708 1387; x_wconf 73' lang='grc' dir='ltr'><strong>Ξ</strong></span> 
     </span>
     <span class='ocr_line' id='line_1_25' title="bbox 242 1403 1177 1442; baseline -0.001 0"><span class='ocrx_word' id='word_1_119' title='bbox 242 1404 317 1442; x_wconf 89' lang='lat' dir='ltr'>Sed</span> <span class='ocrx_word' id='word_1_120' title='bbox 337 1404 659 1442; x_wconf 87' lang='lat' dir='ltr'>Philocomasium</span> <span class='ocrx_word' id='word_1_121' title='bbox 678 1403 823 1442; x_wconf 80' lang='lat' dir='ltr'>hiccine</span> <span class='ocrx_word' id='word_1_122' title='bbox 842 1403 955 1441; x_wconf 88' lang='lat' dir='ltr'>etiam</span> <span class='ocrx_word' id='word_1_123' title='bbox 973 1415 1076 1440; x_wconf 90' lang='lat' dir='ltr'>nunc</span> <span class='ocrx_word' id='word_1_124' title='bbox 1093 1405 1177 1441; x_wconf 84' lang='lat' dir='ltr'>est?</span> 
     </span>
     <span class='ocr_line' id='line_1_26' title="bbox 593 1456 1351 1506; baseline -0.001 -11"><span class='ocrx_word' id='word_1_125' title='bbox 593 1459 730 1506; x_wconf 76' lang='lat' dir='ltr'>Perip.</span> <span class='ocrx_word' id='word_1_126' title='bbox 760 1456 891 1503; x_wconf 89' lang='lat' dir='ltr'>Quom</span> <span class='ocrx_word' id='word_1_127' title='bbox 911 1456 1078 1501; x_wconf 82' lang='lat' dir='ltr'>exibam,</span> <span class='ocrx_word' id='word_1_128' title='bbox 1097 1456 1162 1493; x_wconf 78' lang='lat' dir='ltr'>hic</span> <span class='ocrx_word' id='word_1_129' title='bbox 1180 1463 1271 1494; x_wconf 88' lang='lat' dir='ltr'>erat.</span> <span class='ocrx_word' id='word_1_130' title='bbox 1298 1458 1351 1494; x_wconf 86' lang='lat'>25</span> 
     </span>
     <span class='ocr_line' id='line_1_27' title="bbox 244 1508 1352 1560; baseline 0.001 -13"><span class='ocrx_word' id='word_1_131' title='bbox 244 1512 334 1547; x_wconf 80' lang='lat' dir='ltr'>Pal.</span> <span class='ocrx_word' id='word_1_132' title='bbox 363 1511 436 1556; x_wconf 88' lang='lat' dir='ltr'>Sis,</span> <span class='ocrx_word' id='word_1_133' title='bbox 463 1512 556 1559; x_wconf 90' lang='lat' dir='ltr'>jube</span> <span class='ocrx_word' id='word_1_134' title='bbox 574 1510 729 1547; x_wconf 88' lang='lat' dir='ltr'>transire</span> <span class='ocrx_word' id='word_1_135' title='bbox 751 1509 840 1555; x_wconf 88' lang='lat' dir='ltr'>huc,</span> <span class='ocrx_word' id='word_1_136' title='bbox 868 1517 1056 1559; x_wconf 89' lang='lat' dir='ltr'>quantum</span> <span class='ocrx_word' id='word_1_137' title='bbox 1084 1508 1214 1560; x_wconf 88' lang='lat' dir='ltr'>possit,</span> <span class='ocrx_word' id='word_1_138' title='bbox 1243 1522 1282 1548; x_wconf 85' lang='lat' dir='ltr'>se</span> <span class='ocrx_word' id='word_1_139' title='bbox 1306 1518 1352 1549; x_wconf 90' lang='lat' dir='ltr'>ut</span> 
     </span>
     <span class='ocr_line' id='line_1_28' title="bbox 399 1563 672 1601; baseline -0.007 0"><span class='ocrx_word' id='word_1_140' title='bbox 399 1563 551 1601; x_wconf 84' lang='lat' dir='ltr'>videant</span> <span class='ocrx_word' id='word_1_141' title='bbox 568 1563 672 1600; x_wconf 91' lang='lat' dir='ltr'>domi</span> 
     </span>
     <span class='ocr_line' id='line_1_29' title="bbox 239 1614 1347 1667; baseline 0.002 -14"><span class='ocrx_word' id='word_1_142' title='bbox 239 1615 486 1654; x_wconf 87' lang='lat' dir='ltr'>Familiares:</span> <span class='ocrx_word' id='word_1_143' title='bbox 528 1616 601 1653; x_wconf 87' lang='lat' dir='ltr'>nisi</span> <span class='ocrx_word' id='word_1_144' title='bbox 633 1615 788 1665; x_wconf 87' lang='lat' dir='ltr'>quidem</span> <span class='ocrx_word' id='word_1_145' title='bbox 823 1614 890 1652; x_wconf 80' lang='lat' dir='ltr'>illa</span> <span class='ocrx_word' id='word_1_146' title='bbox 920 1626 989 1653; x_wconf 89' lang='lat' dir='ltr'>nos</span> <span class='ocrx_word' id='word_1_147' title='bbox 1020 1615 1112 1663; x_wconf 84' lang='lat' dir='ltr'>volt,</span> <span class='ocrx_word' id='word_1_148' title='bbox 1145 1615 1213 1667; x_wconf 91' lang='lat' dir='ltr'>qui</span> <span class='ocrx_word' id='word_1_149' title='bbox 1249 1616 1347 1655; x_wconf 83' lang='lat' dir='ltr'>servi</span> 
     </span>
     <span class='ocr_line' id='line_1_30' title="bbox 400 1682 546 1714; baseline -0.007 -7"><span class='ocrx_word' id='word_1_150' title='bbox 400 1682 546 1714; x_wconf 91' lang='lat' dir='ltr'>sumus,</span> 
     </span>
     <span class='ocr_line' id='line_1_31' title="bbox 240 1721 1345 1772; baseline 0.001 -13"><span class='ocrx_word' id='word_1_151' title='bbox 240 1722 401 1772; x_wconf 85' lang='lat' dir='ltr'>Propter</span> <span class='ocrx_word' id='word_1_152' title='bbox 429 1734 597 1760; x_wconf 88' lang='lat' dir='ltr'>amorem</span> <span class='ocrx_word' id='word_1_153' title='bbox 624 1733 753 1769; x_wconf 89' lang='lat' dir='ltr'>suum,</span> <span class='ocrx_word' id='word_1_154' title='bbox 780 1721 924 1759; x_wconf 87' lang='lat' dir='ltr'>omneis</span> <span class='ocrx_word' id='word_1_155' title='bbox 952 1721 1125 1760; x_wconf 87' lang='lat' dir='ltr'>crucibus</span> <span class='ocrx_word' id='word_1_156' title='bbox 1147 1724 1345 1760; x_wconf 84' lang='lat' dir='ltr'>contuber-</span> 
     </span>
     <span class='ocr_line' id='line_1_32' title="bbox 399 1774 628 1813; baseline 0 -1"><span class='ocrx_word' id='word_1_157' title='bbox 399 1774 516 1813; x_wconf 88' lang='lat' dir='ltr'>naleis</span> <span class='ocrx_word' id='word_1_158' title='bbox 535 1774 628 1812; x_wconf 83' lang='lat' dir='ltr'>dari.</span> 
     </span>
     <span class='ocr_line' id='line_1_33' title="bbox 241 1826 1158 1878; baseline 0 -12"><span class='ocrx_word' id='word_1_159' title='bbox 241 1830 376 1877; x_wconf 76' lang='lat' dir='ltr'>Perip.</span> <span class='ocrx_word' id='word_1_160' title='bbox 406 1828 503 1866; x_wconf 81' lang='lat' dir='ltr'>Dixi</span> <span class='ocrx_word' id='word_1_161' title='bbox 521 1841 589 1878; x_wconf 90' lang='lat' dir='ltr'>ego</span> <span class='ocrx_word' id='word_1_162' title='bbox 607 1828 729 1872; x_wconf 79' lang='lat' dir='ltr'>istuc3</span> <span class='ocrx_word' id='word_1_163' title='bbox 759 1826 833 1864; x_wconf 87' lang='lat' dir='ltr'>nisi</span> <span class='ocrx_word' id='word_1_164' title='bbox 851 1827 945 1878; x_wconf 86' lang='lat' dir='ltr'>quid</span> <span class='ocrx_word' id='word_1_165' title='bbox 963 1828 1068 1865; x_wconf 88' lang='lat' dir='ltr'>aliud</span> <span class='ocrx_word' id='word_1_166' title='bbox 1086 1828 1158 1866; x_wconf 88' lang='lat' dir='ltr'>vis.</span> 
     </span>
     <span class='ocr_line' id='line_1_34' title="bbox 857 1881 1343 1931; baseline 0.008 -14"><span class='ocrx_word' id='word_1_167' title='bbox 857 1881 941 1918; x_wconf 77' lang='lat' dir='ltr'>Pal.</span> <span class='ocrx_word' id='word_1_168' title='bbox 969 1881 1094 1919; x_wconf 85' lang='lat' dir='ltr'>Volo:</span> <span class='ocrx_word' id='word_1_169' title='bbox 1124 1881 1196 1920; x_wconf 86' lang='lat' dir='ltr'>hoc</span> <span class='ocrx_word' id='word_1_170' title='bbox 1214 1882 1343 1931; x_wconf 85' lang='lat' dir='ltr'>dicito,</span> 
     </span>
     <span class='ocr_line' id='line_1_35' title="bbox 237 1933 1193 1984; baseline 0 -12"><span class='ocrx_word' id='word_1_171' title='bbox 237 1935 352 1972; x_wconf 86' lang='lat' dir='ltr'>Paret</span> <span class='ocrx_word' id='word_1_172' title='bbox 370 1942 489 1972; x_wconf 88' lang='lat' dir='ltr'>artem</span> <span class='ocrx_word' id='word_1_173' title='bbox 508 1941 544 1972; x_wconf 88' lang='lat' dir='ltr'>et</span> <span class='ocrx_word' id='word_1_174' title='bbox 563 1933 814 1984; x_wconf 82' lang='lat' dir='ltr'>disciplinam,</span> <span class='ocrx_word' id='word_1_175' title='bbox 835 1934 1002 1972; x_wconf 87' lang='lat' dir='ltr'>obtineat</span> <span class='ocrx_word' id='word_1_176' title='bbox 1019 1935 1193 1974; x_wconf 87' lang='lat' dir='ltr'>colorem.</span> 
     </span>
     <span class='ocr_line' id='line_1_36' title="bbox 676 1987 1345 2038; baseline 0.003 -13"><span class='ocrx_word' id='word_1_177' title='bbox 676 1989 808 2037; x_wconf 74' lang='lat' dir='ltr'>Perip.</span> <span class='ocrx_word' id='word_1_178' title='bbox 835 1987 890 2024; x_wconf 90' lang='lat' dir='ltr'>Et</span> <span class='ocrx_word' id='word_1_179' title='bbox 908 1987 1262 2038; x_wconf 86' lang='lat' dir='ltr'>quemadmodum?</span> <span class='ocrx_word' id='word_1_180' title='bbox 1291 1989 1345 2027; x_wconf 81' lang='lat'>30</span> 
     </span>
     <span class='ocr_line' id='line_1_37' title="bbox 237 2040 1340 2132; baseline 0.003 -52"><span class='ocrx_word' id='word_1_181' title='bbox 237 2042 325 2080; x_wconf 73' lang='lat' dir='ltr'>Pal.</span> <span class='ocrx_word' id='word_1_182' title='bbox 355 2041 409 2080; x_wconf 90' lang='lat' dir='ltr'>Ut</span> <span class='ocrx_word' id='word_1_183' title='bbox 423 2053 553 2132; x_wconf 53' lang='lat' dir='ltr'>gum,</span> <span class='ocrx_word' id='word_1_184' title='bbox 564 2041 632 2094; x_wconf 85' lang='lat' dir='ltr'>qui</span> <span class='ocrx_word' id='word_1_185' title='bbox 654 2040 719 2079; x_wconf 86' lang='lat' dir='ltr'>hic</span> <span class='ocrx_word' id='word_1_186' title='bbox 740 2053 778 2079; x_wconf 86' lang='lat' dir='ltr'>se</span> <span class='ocrx_word' id='word_1_187' title='bbox 801 2041 910 2090; x_wconf 84' lang='lat' dir='ltr'>vidit,</span> <span class='ocrx_word' id='word_1_188' title='bbox 940 2053 1027 2080; x_wconf 89' lang='lat' dir='ltr'>vero</span> <span class='ocrx_word' id='word_1_189' title='bbox 1052 2041 1193 2090; x_wconf 82' lang='lat' dir='ltr'>vincat,</span> <span class='ocrx_word' id='word_1_190' title='bbox 1221 2048 1266 2081; x_wconf 87' lang='lat' dir='ltr'>ut</span> <span class='ocrx_word' id='word_1_191' title='bbox 1291 2053 1340 2083; x_wconf 77' lang='lat' dir='ltr'>ne</span> 
     </span>
     <span class='ocr_line' id='line_1_38' title="bbox 396 2102 553 2135; baseline 0.007 -2"><span class='ocrx_word' id='word_1_192' title='bbox 396 2106 433 2133; x_wconf 78' lang='lat' dir='ltr'>Vl</span> <span class='ocrx_word' id='word_1_193' title='bbox 461 2102 553 2135; x_wconf 84' lang='lat' dir='ltr'>ent:</span> 
     </span>
    </p>
   </div>
  </div>
 </body>
</html>
