1435 2400
463 87 661 127 PERSA.
693 87 778 126 ΙΙΙ.
810 87 845 126 l.
1142 87 1221 132 337

675 197 788 245 Virg.
813 195 885 243 At,
906 195 938 234 si
955 206 1031 233 non
1050 194 1139 233 licet
1166 195 1214 233 41

102 247 261 292 Cavete,
281 247 376 299 quid
394 261 531 300 agam.
522 251 540 277 9
568 261 660 287 113111
678 262 749 300 ego
767 249 836 288 tibi
855 257 1011 288 cautum
1030 249 1128 286 volo.

104 304 189 341 Sat.
219 302 401 341 Malusne
419 316 489 353 ego
514 316 624 342 sum.
613 303 631 327 ⁹

255 358 372 417 Virg.
397 358 490 395 Non
509 370 570 395 es.
601 369 726 408 neque
743 370 807 395 me
825 355 1011 407 dignum’
1014 363 1048 393 st
1066 355 1215 393 dicere.

100 408 251 447 Verum
270 410 304 448 ei
321 410 374 448 rei
393 423 546 460 operam
566 411 628 455 do,
649 423 697 448 ne
715 411 781 448 alii
799 411 940 456 dicant,
962 410 1100 461 quibus
1118 409 1220 446 licet.

102 465 185 502 Sat.
225 463 356 509 Dioet,
387 463 491 515 quod
518 464 682 516 quisque
713 465 816 502 volt:
858 476 928 515 ego
955 464 1003 502 de
1033 463 1104 500 hac
1133 475 1218 500 sen-

261 517 381 556 tentia
1164 518 1216 553 45

101 571 195 609 Non
213 570 452 610 demovebor.

473 625 587 674 Virg.
616 624 688 673 At,
709 636 796 662 meo
815 623 847 662 si
863 623 974 662 liceat
993 622 1124 670 modo,

100 677 297 728 Sapienter
312 677 440 729 potius
457 677 589 727 facias,
609 690 728 730 quam
746 678 877 716 stulte.

882 732 965 769 Sat.
995 730 1136 768 Lubet.

108 786 222 834 Virg.
252 785 406 824 Lubere
423 798 492 837 per
507 797 572 824 me
589 785 660 824 tibi
677 784 789 823 licere
807 784 1003 835 intelligo.

100 838 250 877 Verum
267 839 400 878 lubere
416 838 522 877 haud
539 840 683 886 lubeat,
704 839 737 876 si
754 839 865 877 liceat
881 838 992 876 1111111.

98 893 182 931 Sat.
213 893 362 931 Futura
379 905 418 932 es
437 892 537 931 dicto
555 893 747 941 obediens,
766 905 816 931 an
835 904 928 940 non,
946 891 1072 944 patri.
1061 894 1080 918 9
1162 893 1215 931 50

104 947 217 997 Virg.
250 947 412 985 Futura.

259 1002 343 1039 S.at
373 999 454 1039 Scis
469 1011 575 1047 nam,
595 999 666 1038 tibi
684 1012 770 1051 quae
787 999 972 1052 praecepi.
962 1001 980 1026 9

912 1054 1027 1103 Virg.
1055 1051 1213 1092 Omnia.

98 1109 183 1147 Sat.
211 1108 266 1146 Et
283 1107 337 1155 id,
357 1113 402 1146 ut
419 1114 592 1158 surrepta
608 1106 753 1146 fueris?

768 1162 882 1210 Virg.
914 1158 1038 1198 Docte
1056 1159 1187 1200 mlle&

96 1217 182 1254 Sat.
207 1216 264 1254 Et
281 1215 349 1267 qui
366 1222 540 1266 parentes
557 1215 698 1253 fiierint
711 1217 730 1253 ?

647 1271 759 1318 Virg.
789 1268 928 1306 Habeo
945 1267 988 1305 in
1011 1267 1211 1307 memoria.

94 1323 137 1361 N
139 1322 331 1362 ecaesitate
348 1334 426 1370 me,
446 1322 550 1360 mala
568 1329 612 1360 ut
630 1321 736 1370 fiam,
756 1321 861 1360 facis.

91 1376 241 1415 Verum
260 1376 400 1419 videto,
421 1376 490 1414 ubi
502 1389 566 1414 me
581 1375 685 1414 volae
703 1383 870 1427 nuptum
889 1375 993 1423 dare,
1157 1377 1209 1413 55

91 1431 155 1469 Ne
168 1431 249 1469 haec
268 1431 371 1469 fama
388 1429 502 1467 faciat
519 1429 738 1480 repudiosas
755 1430 922 1480 nuptias.

91 1486 176 1524 Sat.
205 1485 322 1529 Tace,
352 1484 481 1521 stulta.
540 1483 632 1528 Non
660 1490 704 1520 tu
731 1482 1056 1521 nunc-hominum
1085 1494 1210 1521 morae

250 1538 354 1576 vides
367 1539 385 1576 Ρ

90 1591 350 1641 Quojusmodi
367 1591 432 1628 hic
448 1603 534 1628 eum
556 1590 661 1628 fama
679 1589 790 1628 facile
806 1589 975 1628 nubitur.

93 1645 206 1683 Dum
223 1645 291 1683 dos
309 1645 370 1691 sit,
391 1644 545 1682 nullum
565 1644 703 1683 vitium
721 1644 814 1682 vitio
832 1643 1006 1682 vortitur.

101 1701 213 1749 Vir-g.
241 1699 349 1749 Ergo
365 1698 464 1736 istuc
481 1697 609 1746 facito,
629 1705 674 1736 ut
692 1698 818 1736 veniat
836 1697 877 1735 in
895 1704 1064 1735 mentem
1082 1697 1167 1745 tibi,

90 1751 163 1790 Me
180 1764 262 1790 ωδε
278 1751 503 1790 indotatam.

500 1807 584 1844 Sat.
606 1805 710 1844 Cave
725 1805 775 1844 sis
792 1813 836 1844 tu
853 1805 953 1843 istuc
972 1804 1126 1845 dixeris.
1155 1805 1202 1843 61

90 1858 179 1907 Pol,
200 1858 332 1896 Deum
351 1857 490 1896 virtute
507 1858 646 1906 dicam,
666 1866 704 1897 et
722 1859 914 1908 majorum
932 1861 1079 1906 111οί1111,

89 1912 156 1952 Ne
174 1920 212 1950 te
228 1911 438 1950 indotatam
458 1911 574 1958 dioes,
594 1912 686 1964 quoi
703 1913 772 1950 dos
791 1913 839 1951 sit
857 1912 975 1950 domi.

89 1966 300 2005 Librorum
320 1964 494 2004 eccillum
511 1965 635 2004 habeo
651 1966 810 2017 plenum
830 1978 1016 2004 soracum.

87 2021 130 2059 Si
142 2020 215 2058 hoe
232 2018 435 2057 accurassis
453 2019 592 2069 lepide,
613 2020 704 2070 quoi
720 2020 776 2058 rei
793 2031 949 2070 operam
964 2019 1115 2066 damus,

12 2104 16 2108 ,
88 2073 297 2112 Dabuntur
315 2072 413 2111 dotis
431 2072 502 2110 tibi
520 2072 609 2110 inde
628 2073 795 2110 sexcenti
812 2073 905 2124 logi,
1153 2071 1204 2108 66

86 2128 221 2178 Atque
239 2126 363 2165 Atn'ci
381 2138 540 2170 omnoe;
570 2125 725 2164 nullum
746 2126 921 2165 Siculum
939 2125 1146 2176 acceperis:

88 2181 198 2273 eux)
203 2180 385 2272 1bazildote
403 2179 543 2231 poteris
561 2179 622 2218 vel
639 2179 814 2218 mendico
834 2180 989 2268 1111110102.
1013 2243 1040 2267 G
