1435 2400
210 72 262 110 26
521 71 828 111 CURCULIO.
859 71 932 110 1v.
965 71 1002 106 2.

209 177 314 215 Eum
350 189 431 216 rem
467 177 658 229 fidemque
688 178 855 228 perdere,
892 176 1041 216 tametsi
1077 176 1174 214 nihil
1208 175 1309 266 feclit,

366 231 486 269 aiunt.
1283 230 1308 267 8

211 283 308 334 Lyca
335 282 498 336 Edepol,
529 284 694 332 lenones,
725 296 810 322 meo
837 283 978 332 animo,
1009 282 1161 331 novisti,
1193 282 1310 329 lusce,

366 337 402 374 le
430 337 500 375 ide.

211 390 330 429 Cure.
358 351 504 428 Eiidem
522 392 536 441 (
550 389 693 439 hercle)
710 402 773 428 vos
792 401 892 440 pono
906 396 943 428 et
956 402 1059 441 paro.
1105 387 1313 426 Parissumi

367 444 455 481 estis
475 443 572 482 ibus.
1262 442 1314 479 20

207 495 264 533 Hi
283 495 415 534 saltem
433 497 472 534 in
491 496 644 534 occultis
662 496 752 534 locis
770 503 954 546 prostant,
974 508 1039 533 vos
1064 495 1104 532 in
1123 495 1204 533 foro
1221 493 1315 544 ipso.

208 549 290 587 vos
320 548 472 595 foenore,
505 549 546 587 hi
574 549 675 588 male
701 548 892 587 suadendo
919 557 955 587 et
981 547 1121 594 lustris,
1150 547 1314 586 lacerant

366 602 549 640 homines.

208 654 470 705 Rogitationes
488 656 670 707 plurimas
688 663 839 717 propter
856 668 921 694 vos
938 654 1103 706 populus
1123 653 1243 701 scivit,

208 707 318 754 Quas
333 720 397 746 vos
415 717 562 760 rogatas
580 710 779 760 rumpitis.
801 709 967 759 aliquam
983 707 1150 759 reperitis
1163 707 1313 746 rimam.

209 760 332 809 Quasi
358 774 498 812 aquam
516 762 737 810 ferventem,
766 761 945 812 frigidam
971 774 1062 808 esse,
1082 760 1136 799 ita
1153 772 1219 799 vos
1241 772 1315 810 pu-

368 815 455 853 tatis
473 817 586 866 leges.
1261 814 1313 851 25

211 867 310 917 Lyc.
339 867 520 907 Tacuisse
536 868 755 906 mavellem.

412 923 507 971 Cap.
537 921 633 958 Au.
624 921 632 946 '
663 921 765 959 male
785 919 1003 971 [meditate]
1023 920 1123 958 male
1138 919 1248 957 dicax
1266 931 1316 958 es.

214 974 333 1013 Cure.
363 973 537 1026 Indignis
564 974 596 1012 si
616 974 717 1012 male
735 974 884 1021 dicitur,
910 973 1154 1012 maledictum
1178 973 1219 1010 id
1237 984 1317 1011 esse

369 1026 481 1065 dico.

208 1078 371 1127 Verum,
388 1079 418 1117 si
433 1080 556 1131 dignis
567 1079 716 1128 dicitur,
728 1079 994 1118 benedictum’
997 1086 1047 1127 st,
1061 1091 1147 1118 meo
1161 1077 1315 1131 quidem

370 1133 509 1170 animo.

209 1186 297 1237 Ego
324 1185 539 1237 mancipem
568 1193 605 1224 te
633 1185 689 1224 nil
719 1198 859 1235 moror,
891 1198 958 1225 nec
988 1187 1163 1225 lenonem
1194 1185 1314 1224 alium

369 1251 616 1290 quemquam.

210 1291 331 1344 Lyco,
350 1292 541 1344 numquid
558 1292 615 1330 vis
628 1294 646 1330 Ρ

389 1347 486 1396 Lyc.
513 1346 622 1384 Bene
640 1345 735 1384 vale.

558 1399 677 1438 Cure.
704 1397 815 1436 Vale.

619 1453 714 1502 Cap.
744 1451 855 1489 Heus
871 1451 941 1489 tu!
971 1451 1040 1489 tibi
1059 1463 1128 1502 ego
1145 1451 1239 1490 dico.
1263 1453 1315 1491 30

217 1505 338 1544 Cure.
361 1504 565 1556 Eloquere,
585 1504 679 1557 quid
696 1504 784 1544 vis?

389 1559 485 1608 Cap.
513 1557 670 1606 Quaeso,
688 1566 732 1596 ut
748 1557 846 1596 hanc
863 1568 982 1606 cureS,
1001 1559 1097 1596 bene
1114 1565 1158 1596 ut
1177 1557 1226 1597 sit
1241 1557 1317 1597 isti.

210 1610 317 1649 Bene
336 1623 405 1662 ego
422 1611 533 1650 istam
553 1612 668 1651 eduxi
684 1623 781 1650 meae
798 1610 915 1660 domi,
938 1617 975 1649 et
991 1611 1138 1662 pudice.

816 1665 933 1703 Cure.
961 1664 1002 1703 si
1018 1664 1134 1714 hujus
1151 1662 1316 1712 miseret,

211 1716 363 1768 Ecquid
381 1716 463 1768 das,
483 1719 552 1770 qui
569 1720 665 1757 bene
680 1718 750 1757 sit.
739 1720 757 1747 ⁹

533 1773 630 1823 Cap.
662 1771 829 1810 Malum.

690 1826 806 1864 Curc-
836 1823 929 1862 Tibi
946 1836 1024 1876 opu
1026 1823 1073 1863 ’st
1090 1824 1176 1874 hoc,
1196 1822 1265 1876 qui
1282 1829 1319 1861 te

795 1890 985 1928 procures.

216 1931 311 1980 Cap.
340 1930 462 1979 Quid,
489 1932 617 1981 stulta,
636 1931 792 1983 ploras?
820 1943 868 1968 ne
886 1931 1002 1978 time3
1031 1932 1129 1970 bene
1149 1925 1319 1983 (hercle)

370 1984 524 2022 vendidi
542 1999 612 2036 ego
630 1993 679 2024 te.

212 2035 291 2073 Fac
305 2036 354 2074 sis
367 2038 477 2076 bonae
491 2038 593 2090 frugi
606 2038 690 2078 sies.
719 2037 907 2090 Sequere
896 2045 1013 2077 1stum
1026 2038 1128 2076 bella
1139 2036 1249 2076 belle.
1267 2035 1320 2074 35

214 2090 313 2140 Lyc.
342 2090 564 2140 Summane,
585 2091 772 2145 numquid
792 2104 894 2130 nunc
908 2093 991 2143 jam
1008 2104 1071 2130 me
1088 2091 1175 2130 vis?

800 2147 917 2187 Cure.
946 2145 1046 2186 Vale
1062 2151 1176 2198 atque
1193 2142 1317 2187 salve;
