1435 2400
402 86 738 128 MERGATOR.
768 87 820 126 V.
848 90 885 126 2.
921 132 923 134 ,
1122 87 1195 126 181

90 191 200 242 Quid
218 191 284 232 tui
301 193 425 243 refert,
445 195 604 246 quicum
621 195 724 232 istaec
741 193 912 232 venerit?
1084 167 1105 196 ι’

647 249 767 286 Char.
796 247 905 286 Dum
923 247 1019 287 istuc
1038 249 1116 287 siet.
1144 250 1195 288 65

90 302 188 339 Eut.
217 300 290 339 Est
305 301 484 352 profecto.

286 356 406 394 Char.
437 355 543 407 Opta
560 367 660 406 ergo,
680 356 730 393 ob
747 355 872 392 istunc
889 355 1082 403 nuntium,
1103 356 1196 407 quid

392 409 448 447 vis
466 410 548 447 tibi.

91 463 188 500 Eut.
217 460 338 509 Quid,
360 462 393 500 si
409 464 547 514 optabo
563 465 581 502 ’ἓ

313 515 431 554 Char.
462 516 565 555 Deos
582 524 699 565 orato,
719 524 764 555 ut
782 517 863 565 ejus
880 515 1020 554 faciant
1036 516 1195 568 copiam.

90 569 187 606 Eut.
216 567 387 607 Derides.
1141 582 1145 585 ·

216 623 338 662 Char.
366 623 523 661 Servata
540 637 598 662 res
617 632 671 663 δ’(
689 623 859 670 demum,
880 621 912 660 si
930 623 1036 661 illam
1055 623 1194 662 videro.

89 675 166 715 Sed
183 675 275 727 quin
288 683 464 714 ornatum
475 677 578 715 hunc
589 678 714 728 reJicio
728 677 740 715 ?
764 678 874 715 Heus
888 676 1025 728 aliquis
1039 677 1049 715 !
1074 678 1168 716 heus
1184 678 1192 714 !

247 737 420 767 actutum
436 729 513 768 huc
537 730 636 769 foras

88 782 231 829 Exite3
252 782 357 821 illinc
375 783 535 834 pallium
554 784 649 822 mihi
665 784 742 822 huc
760 783 865 821 ferte.

321 838 417 874 Eut.
446 837 577 875 Hem!
608 851 710 876 nunc
728 846 771 876 tu
790 837 887 875 mihi
903 844 947 874 ut
964 838 1113 888 places!
1145 839 1197 882 70

92 891 212 930 Char.
242 890 414 942 Optume
440 890 658 938 adveniens,
686 903 816 942 puere,
845 903 937 941 cape
959 891 1198 942 chlamydem

80 958 82 960 ·
249 952 364 995 atque
381 944 475 982 haec.
519 945 637 984 Istinc
656 954 712 983 sta
729 944 855 989 illico3

91 997 162 1045 Ut,
182 997 215 1035 si
240 997 321 1035 haec
339 1009 415 1034 non
440 997 516 1035 sint
538 1012 638 1046 vera,
664 999 858 1047 inceptum
885 997 957 1036 hoc
976 998 1089 1036 itiner
1113 1011 1197 1049 per-

249 1050 358 1089 ficere
376 1062 572 1101 exsequar.

93 1107 190 1143 Eut.
215 1103 307 1142 Non
325 1103 421 1141 mihi
439 1103 556 1142 credis
569 1107 587 1143 ¹?

229 1159 347 1196 Char.
376 1156 522 1195 Omnia
540 1157 715 1209 equidem
735 1156 859 1204 cred0‚
880 1170 966 1208 quae
980 1157 1072 1196 dicis
1088 1159 1199 1198 mihi.

93 1210 170 1250 Sed
188 1211 282 1262 quin
299 1210 505 1248 introducis
519 1224 581 1249 me
599 1211 647 1249 ad
666 1223 764 1254 eam,
784 1218 828 1247 ut
846 1210 1023 1248 videam?

738 1265 834 1301 Eut.
863 1264 1062 1315 Paulisper
1077 1278 1203 1305 mane.

97 1319 219 1358 Char.
249 1317 355 1362 Quid
372 1318 565 1355 manebo?

325 1371 424 1409 Eut.
454 1371 627 1420 Tempus
645 1382 722 1408 non
741 1377 796 1408 aet
813 1370 1042 1409 introeundi.

822 1425 940 1463 Char.
970 1425 1122 1463 Enicas.
1152 1426 1203 1470 75

96 1481 194 1518 Eut.
223 1478 316 1518 Non
335 1477 477 1529 opu'st‚
496 1478 669 1529 inquam,
692 1489 795 1515 nunc
812 1477 911 1516 intro
929 1486 966 1516 te
982 1478 1048 1516 ire.

727 1532 847 1569 Char.
876 1531 1079 1582 Responde
1092 1532 1202 1580 mihi,

92 1586 187 1635 Qu&⁴
205 1585 350 1624 musa?

210 1641 308 1678 Eut.
336 1639 475 1691 Operae
492 1651 570 1678 non
587 1646 655 1677 est.

375 1695 495 1733 Char.
525 1693 605 1731 Cur
618 1695 636 1731 ?

463 1750 559 1785 Eut.
587 1745 692 1794 Quia
711 1758 786 1784 non
806 1754 863 1785 est
878 1746 937 1785 illi
950 1747 1210 1786 commodum.

100 1801 221 1840 Char.
259 1800 368 1839 Itane
387 1800 629 1839 commodum
648 1799 706 1836 illi
723 1812 797 1838 non
817 1808 886 1844 eet,
906 1813 993 1852 quae
1009 1813 1073 1839 me
1089 1809 1207 1849 amat,

732 1853 750 1875 ‘J

100 1866 378 1947 Omnibiilsuliird
393 1861 613 1945 ffdjififfttdra
625 1865 842 1944 ng‘iuodis·
885 1906 972 1957 Ego
990 1907 1152 1954 stultior,

97 1961 181 2009 Qui
197 1959 261 1998 isti
281 1959 441 1998 credam.
479 1960 768 1999 Commoratur:
797 1960 1038 2010 chlamydem
1057 1973 1208 1999 sumam

259 2013 397 2051 denuo.
1156 2016 1207 2051 80

110 2070 202 2106 Eut.
231 2066 351 2104 Mane
368 2078 585 2118 parumper2
604 2075 718 2118 atque
735 2067 806 2106 hoc
824 2066 926 2105 audi.

467 2120 586 2157 Char.
615 2120 720 2171 Cape
738 2122 801 2167 sis,
823 2133 932 2171 puer,
951 2120 1022 2158 hoc
1040 2120 1213 2171 pallium.

163 2184 261 2212 vot.
282 2184 332 2211 11.
1079 2183 1106 2209 R
