1435 2400
177 67 250 103 102
437 62 824 103 MENAECHMEI.
852 64 934 102 ΙΙΙ.
966 64 1003 100 2.

165 169 327 207 Affatim
363 178 418 208 δὲ
444 170 658 218 hominum,
692 171 730 208 in
764 169 842 208 dies
871 169 938 220 qui
967 168 1133 220 singulas
1162 182 1262 207 escas

327 222 465 267 edunt;
1214 223 1262 260 lo

168 276 318 319 Quibus
339 276 466 326 negoti
488 276 583 313 nihil
609 284 687 323 aet3
717 276 783 328 qui
808 288 913 314 esum
939 287 1061 326 neque
1085 282 1263 313 vocantur

325 341 447 378 neque
465 336 608 366 vocant.

165 381 244 419 Eos
262 388 405 431 oportet
423 381 589 419 concioni
607 381 694 419 dare
710 393 861 430 operam
881 388 995 431 atque
1013 380 1183 418 comitiis.

166 435 207 472 Si
225 433 264 471 id
281 434 334 471 ita
352 442 458 479 esset,
479 447 554 472 non
577 447 645 484 ego
656 433 766 471 hodie
784 433 1027 484 perdidissem
1044 433 1262 483 prandium,

164 486 268 534 Quoi
286 494 364 524 tam
383 487 490 525 credo
508 487 640 525 datum
659 486 833 533 voluisse,
858 498 973 537 quam
997 499 1060 523 me
1085 485 1191 523 video
1209 486 1266 524 vi-

326 552 422 577 vere.

166 592 260 629 Ibo:
290 592 498 630 etiamnum
522 593 765 644 reliquiarum
795 603 879 643 spes
903 590 1074 629 animum
1103 591 1265 681 oblectlat

453 673 462 682 .
1238 647 1263 681 5

164 697 238 736 Sed
260 657 448 787 (Ῑιιὶἓίἱῑὲῐέ
457 698 565 736 video
583 697 898 736 Menaeehmum?
927 709 1014 736 cum
1033 697 1169 736 00an
1187 697 1266 734 exit

361 763 379 787 r
421 778 430 787 .

167 763 369 842 Sublaturcn
380 765 453 842 a‹sest
483 805 720 843 convivium:
753 804 899 855 edepol,
929 804 1037 842 venio
1064 803 1264 841 advorsum

321 857 494 908 tempori.

405 1017 590 1056 ACTUS
618 1018 699 1055 III.
752 1018 936 1056 SCENA
966 1018 1026 1056 II.

303 1121 618 1160 MENAECHMUS
638 1125 813 1162 Sosicles.
851 1125 1128 1162 Pssmcurus.

163 1230 274 1267 Ιῑίενι.
309 1228 458 1267 Poti’ne
485 1235 530 1266 ut
561 1229 742 1279 quiescas,
772 1230 800 1268 si
834 1242 902 1280 ego
921 1229 990 1267 tibi
1020 1229 1118 1267 hanc
1148 1227 1260 1265 hodie

319 1283 436 1332 probe

165 1334 385 1385 Lepideque
403 1335 660 1373 concinnatam
679 1335 837 1374 referam
855 1335 1041 1386 tempori?

161 1388 255 1425 Non
275 1387 400 1438 (faxo)
421 1401 503 1425 eam
523 1401 601 1426 esse
619 1389 741 1426 dices:
775 1389 829 1426 ita
845 1387 1087 1438 ignorabitur.

164 1442 263 1477 Pen.
294 1441 444 1478 Pallam
462 1440 510 1477 ad
529 1440 776 1491 phrygionem
793 1441 878 1487 fert,
898 1440 1065 1478 confecto
1081 1440 1254 1491 prandio,

163 1493 341 1542 Vinoque
360 1500 509 1543 expoto‚
527 1494 690 1543 parasito
709 1494 861 1532 excluso
879 1493 988 1531 foras.
1237 1496 1262 1531 5

164 1545 256 1583 Non
276 1546 440 1592 (hercle)
458 1546 490 1583 is
510 1558 608 1589 sum,
627 1546 694 1596 qui
712 1559 811 1593 sum,
831 1546 904 1584 nisi
921 1546 1019 1584 hanc
1036 1546 1230 1595 injuriam,

164 1597 309 1648 Meque
327 1599 430 1636 ultus
447 1599 603 1648 pulchre
620 1599 737 1636 fuero.
778 1599 1013 1645 Observabo,
1034 1599 1127 1650 quid
1145 1606 1245 1650 agat,

168 1650 390 1688 Hominem.
433 1652 525 1690 Post
542 1651 665 1698 adibo,
685 1659 798 1703 atque
819 1652 1002 1703 alloquar.

163 1705 283 1741 Men.
312 1704 388 1741 Pro
417 1703 486 1741 Dii
511 1704 765 1743 immortales!
801 1705 890 1756 quoi
918 1704 1064 1743 homini
1091 1717 1261 1756 unquam

320 1769 398 1795 uno
415 1757 476 1795 die

164 1809 265 1848 Boni
283 1809 437 1849 dedistis
454 1811 553 1871 plus
572 1811 639 1862 qui
656 1811 782 1849 minus
801 1811 1026 1863 speraverit?
1218 1811 1266 1849 10

165 1862 321 1909 Prandi,
341 1864 482 1913 potavi
503 1871 665 1902 scortum
684 1865 855 1912 accubui,
876 1865 1015 1902 abstuli

164 1915 292 1964 Hanc,
312 1917 449 1966 quojus
466 1917 583 1954 haeres
601 1929 798 1967 nunquam
817 1918 886 1955 erit
904 1925 987 1968 post
1003 1918 1105 1956 hunc
1123 1919 1236 1958 diem.

166 1969 266 2006 Pen.
294 1969 468 2020 Nequeo,
489 1983 574 2020 quae
591 1970 771 2021 loquitur,
790 1971 967 2009 exaudire
984 1970 1225 2010 clanculum.

166 2022 279 2060 Satur
295 2034 398 2060 nunc
414 2022 581 2074 loquitur
599 2023 646 2061 de
663 2035 725 2061 me
744 2030 780 2060 et
797 2024 843 2061 de
860 2024 959 2074 parti
976 2022 1071 2062 med.

166 2076 278 2112 Men.
302 2075 374 2113 Ait
390 2075 487 2113 hanc
505 2075 648 2114 dedisse
664 2088 727 2114 me
740 2076 825 2123 sibi,
844 2083 958 2128 atque
972 2090 1055 2116 eam
1072 2091 1168 2118 meae
1212 2078 1262 2116 15

167 2127 290 2167 Uxori
309 2127 539 2180 surripuisse.
575 2128 769 2178 Quoniam
790 2130 907 2168 sentio
