1435 2400
228 72 307 110 334
608 75 806 115 PERSA.
834 74 893 113 11.
920 78 960 113 5.

483 233 667 274 ACTUS
697 235 756 273 11.
811 234 997 274 SCENA
1026 234 1078 273 V.

279 338 504 380 ToleUS.
546 341 845 379 SAGARIS'rlo.
886 342 1278 380 SopflocmmscA.

231 447 328 483 Tox.
358 445 540 484 Paratum
566 448 648 496 jam
673 459 752 485 esse
780 447 908 492 dicito,
930 447 1032 486 unde
1058 455 1259 498 argentum
1287 446 1337 484 sit

383 499 556 538 futurum
573 514 583 537 x

221 551 251 590 J
253 553 366 590 ubeto
383 552 520 591 habere
538 553 712 591 animum
730 555 872 592 bonum
888 568 900 600 3
930 554 990 593 dic
1001 567 1063 592 me
1073 554 1180 591 illam
1201 565 1332 590 amare

382 607 575 644 multum:

222 658 303 696 Ubi
321 671 360 696 se
378 659 528 707 allevat,
549 659 602 698 ibi
626 673 689 698 me
714 660 863 699 allevat.
906 661 1006 709 Quae
1027 660 1109 698 dixi
1135 667 1180 697 ut
1204 658 1345 696 nunti-

386 725 481 758 ares,

227 763 364 803 Sati’n'
383 778 426 802 ea
443 773 547 804 tenes
558 765 576 802 ἲ

382 820 570 910 Sophffl
575 832 654 870 agis
671 820 802 869 calleo,
822 833 940 872 quam
957 831 1173 872 aprugnum
1193 818 1341 858 callum

564 881 611 910 et-

235 927 334 963 Tox.
355 925 535 975 Propera,
557 925 618 963 abi
637 925 808 964 domum.

363 980 457 1027 δας.
486 979 604 1016 Nunc
623 991 692 1029 ego
711 979 800 1018 huic
819 979 996 1030 graphice
1015 979 1158 1017 facetus
1178 979 1283 1017 fiam.
1312 978 1337 1014 5

227 1031 408 1069 Subnixis
427 1031 495 1069 alis
514 1044 576 1070 me
594 1032 751 1070 inferam
767 1047 779 1078 ς
811 1043 925 1083 atque
943 1033 1124 1071 amicibor
1141 1032 1313 1084 gloriose.

231 1086 327 1122 Toz.
355 1084 431 1123 Sed
450 1085 536 1136 quis
554 1085 616 1124 hic
633 1093 787 1124 ansatus
805 1086 1005 1124 ambulat?

733 1141 828 1189 Sag.
857 1139 1066 1190 Magnifice
1083 1139 1339 1177 eonscraebor.

231 1192 328 1229 Tox.
361 1192 567 1242 Sagaristio
585 1192 647 1230 hic
663 1192 819 1243 quidem
838 1200 907 1231 est.
945 1193 1053 1241 Quid
1071 1191 1210 1243 agitur,
1223 1192 1342 1242 Saga-

385 1245 516 1283 ristio?
545 1253 589 1284 ut
608 1246 780 1283 valetur?

223 1297 391 1349 Ecquid,
412 1299 515 1349 quod
536 1299 716 1338 mandavi
743 1299 844 1338 tibi?
872 1307 975 1337 estne
1002 1298 1096 1350 quid
1121 1298 1163 1336 in
1190 1305 1227 1336 te
1253 1309 1341 1349 spe-

384 1352 479 1390 culae
493 1354 510 1390 ?

492 1407 584 1455 Sag.
613 1405 748 1444 Adito.

226 1456 459 1503 Videbitur;
486 1460 630 1497 factum
650 1459 761 1498 volo:
792 1459 941 1498 venito:
970 1465 1211 1510 praemoneto.
1289 1457 1339 1496 10

233 1511 327 1548 Toae.
357 1510 465 1558 Quid
483 1512 555 1550 hoc
572 1513 637 1550 hic
655 1513 694 1550 in
718 1513 815 1550 collo
833 1513 904 1550 tibi
922 1520 1045 1550 tumet
1059 1514 1078 1550 Ρ

602 1567 696 1615 δας.
726 1566 889 1604 Vomica
908 1566 982 1609 ’st;
1010 1577 1176 1615 pressare
1199 1576 1310 1615 parce
1325 1577 1337 1601 ι

228 1616 349 1664 Nam,
371 1618 438 1655 ubi
457 1618 524 1669 qui
543 1619 646 1656 mala
665 1619 787 1669 tetigit
799 1631 932 1666 manu,
952 1618 1098 1656 dolores
1112 1618 1343 1656 cooriuntur.

237 1670 334 1708 Tox.
364 1670 531 1714 Quando
550 1672 652 1710 istaec
669 1672 800 1709 innata
810 1671 857 1708 'st
873 1683 964 1708 nam
982 1671 1079 1709 tibi?

818 1726 914 1773 δας.
942 1724 1083 1762 Hodie.

928 1780 1024 1815 Toae.
1053 1777 1177 1817 Secari
1193 1779 1340 1827 jubeas.

226 1834 323 1883 δας.
343 1829 494 1878 Metuo,
514 1843 562 1868 ne
574 1830 820 1869 immaturam
840 1844 977 1878 secem,
997 1844 1046 1870 ne
1059 1831 1236 1870 exhibeat
1250 1831 1339 1882 plus

385 1886 527 1934 negoti.

234 1941 332 1977 Tooe.
363 1938 555 1988 Inspicere
573 1940 751 1976 morbum
770 1946 882 1976 tuum
903 1939 1021 1977 lubet·

735 1993 829 2041 Sag.
857 1992 954 2041 Abi,
969 2001 1084 2042 atque
1101 2004 1191 2030 cave
1208 1991 1258 2030 sis
1289 1991 1339 2028 15

228 2046 270 2084 A
291 2058 421 2084 cornu.

344 2101 437 2138 Tott-
463 2096 571 2144 Quid
586 2098 667 2147 jam
684 2100 702 2136 Ρ

439 2153 531 2201 Sag.
558 2151 663 2200 Quia
675 2153 790 2191 boves
806 2151 889 2191 bini
903 2151 970 2190 hic
986 2159 1077 2190 sunt
1093 2149 1134 2189 in
1152 2150 1351 2192 crumena·
