1435 2400
173 88 224 125 64
491 90 773 130 EPIDICUS.
801 91 887 130 ΙΙΙ.
918 93 955 129 4.

173 193 304 240 Quom
322 195 548 244 militabam,
568 197 708 248 pugnis
724 198 977 237 memorandis
994 199 1088 237 meis
1226 200 1278 236 22

172 246 425 287 Eradicabam
442 249 642 287 hominum
661 251 797 299 aureis,
817 252 969 301 quando
987 253 1236 303 occeperam.]

174 302 274 338 Mil.
300 302 491 340 Animum
517 303 684 351 advorte,
711 312 770 351 ut,
798 304 901 355 quod
925 318 994 355 ego
1018 306 1066 343 ad
1092 313 1129 343 te
1153 306 1277 352 venio,

330 363 387 392 int
479 369 529 394 as.

173 405 308 444 Meam
325 355 486 446 εωξεῖιὲι
505 409 633 447 audivi
652 415 688 446 te
707 422 784 448 esse
802 418 1024 448 mercatum.

865 462 1021 513 Periplz.
1051 465 1169 502 Atate
1184 465 1194 501 !
1225 466 1277 501 25

172 512 214 550 N
216 524 290 550 unc
306 513 461 552 demum
488 515 564 553 scio
582 529 651 566 ego
670 516 786 564 hunc,
806 516 873 567 qui
898 516 968 564 sit;
997 531 1111 568 quem
1131 517 1279 555 dudum

332 566 368 604 Ε
396 567 515 606 idicus

171 617 275 656 Mihi
292 581 507 670 praegicavit
525 621 701 660 militem.
755 622 1001 672 Adolescens,
1022 623 1075 662 ita
1094 624 1141 663 ’st

173 672 229 709 Ut
247 672 362 710 dicis:
395 674 481 711 emi.

431 729 528 765 Mil.
558 728 658 766 Volo
677 736 714 766 te
732 729 853 766 verbis
871 729 1057 779 pauculis,

169 778 211 816 Si
231 778 300 817 tibi
318 780 521 818 molestum
539 793 615 818 non
635 789 700 820 est.

696 834 853 884 Periph.
883 836 972 873 Non
995 834 1164 887 (edepol)
1186 837 1275 883 scio,

169 884 217 921 M
220 885 430 924 olestumne
449 887 496 925 sit
513 887 623 935 mihi,
643 888 716 925 nisi
735 888 827 925 dicis
847 888 939 938 quid
958 888 1061 926 velis.
1223 891 1279 927 30

167 940 225 975 M
229 940 267 974 il.
305 940 409 976 Mihi
427 940 533 978 illam
552 949 596 978 ut
613 942 799 979 tramittas
814 955 826 988 ;
856 949 1055 992 argentum
1073 942 1246 994 accipias.

170 990 328 1042 Periph.
357 993 524 1031 Habeas.

393 1048 451 1082 M
452 1049 490 1083 il.
521 1047 626 1084 Nam
645 1046 738 1097 quid
756 1060 825 1097 ego
842 1047 946 1097 apud
963 1055 998 1085 te
1015 1061 1168 1099 parcam
1186 1061 1275 1099 pro-

484 1099 522 1136 lo
550 1101 622 1137 ui?

166 1153 253 1202 Ego
271 1153 377 1190 illam
395 1152 507 1190 hodie
524 1113 610 1190 3010
629 1152 748 1191 facere
766 1154 939 1191 libertam
958 1166 1098 1202 meam,

167 1205 272 1243 Mihi
291 1206 500 1244 concubina
518 1219 603 1257 quae
622 1206 681 1243 sit.

668 1259 826 1310 Periplz.
857 1260 915 1298 Te
933 1260 1125 1299 absolvam
1143 1263 1248 1301 brevi
1261 1278 1273 1301 t

165 1312 330 1363 Argenti
344 1311 620 1363 quinquaginta
632 1312 729 1349 mihi
747 1313 814 1350 ina
828 1322 929 1351 emta
943 1321 999 1350 est
1014 1314 1138 1352 minis.
1220 1317 1273 1353 35

164 1365 206 1403 Si
225 1366 419 1416 sexaginta
437 1365 532 1402 mihi
550 1364 846 1403 denumerantur
863 1366 991 1413 minae,

165 1418 273 1456 Tuas
290 1418 494 1469 possidebit
512 1418 663 1464 mulier,
683 1418 786 1465 faxo,
807 1418 916 1456 ferias
931 1433 941 1455 ε

162 1472 296 1521 Atque
312 1472 365 1508 ita
382 1471 560 1521 profecto,
581 1477 625 1507 ut
643 1483 726 1508 eam
745 1484 791 1508 ex
809 1471 880 1509 hoc
898 1484 1074 1510 exoneres
1091 1486 1192 1524 agro.

165 1525 223 1560 M
223 1526 262 1560 il.
290 1524 410 1561 Estne
430 1532 530 1561 emta
546 1523 642 1560 mihi
660 1523 740 1561 haec
755 1526 772 1561 Ρ

562 1575 719 1625 Periplz.
749 1577 837 1615 Istis
855 1577 1002 1627 legibus
1018 1578 1156 1617 habeas
1171 1580 1270 1619 lieet.

164 1632 261 1668 Mz'l.
292 1629 551 1668 Conciliavisti
568 1629 736 1679 pulchre.

562 1682 718 1732 Periplz.
748 1683 857 1721 Heus
872 1683 881 1720 ἰ
912 1683 1012 1721 foras
1030 1684 1189 1733 educite,
1220 1688 1271 1725 40

163 1735 294 1782 Quam
312 1736 571 1774 introduxistis
589 1735 779 1774 fidicinam
793 1751 804 1773 ε
834 1745 946 1787 atque
960 1737 1074 1775 etiam
1092 1738 1198 1788 fides,

163 1790 215 1826 Ei
233 1802 319 1840 quae
337 1792 532 1837 accessere,
554 1788 624 1826 tibi
642 1788 781 1827 addam
798 1789 897 1826 dono
915 1791 1056 1839 gratiis.

163 1843 265 1893 Age,
286 1842 411 1893 accipe
428 1842 527 1879 hanc
546 1842 606 1880 sis.

563 1897 621 1932 M
620 1896 658 1931 il.
682 1894 783 1942 Quae
800 1896 1032 1946 intemperiae
1051 1904 1088 1935 te
1106 1905 1234 1937 tenent
1249 1901 1268 1938 ?

164 1948 272 1995 Quas
289 1956 332 1985 tu
350 1948 446 1985 mihi
464 1950 635 1986 tenebras
653 1949 758 1986 cudis
773 1951 789 1986 ?
819 1949 910 1999 quin
931 1956 973 1987 tu
992 1949 1183 1989 fidicinam

163 2001 329 2039 Produci
346 2001 448 2039 intus
462 2002 572 2050 jubes
586 2004 603 2039 ἶ)

485 2054 641 2104 Ρενὶρή.
667 2054 763 2092 Haec
781 2067 869 2105 ergo
886 2062 941 2093 est
957 2055 1122 2095 fidicina.
1212 2059 1267 2096 ⁷45

164 2107 244 2146 Hic
262 2107 336 2146 alia
353 2108 460 2146 nulla
475 2109 533 2145 ’st.

482 2163 540 2199 M
540 2163 578 2199 il.
609 2161 701 2200 Non
719 2161 816 2200 mihi
835 2162 970 2213 nugari
987 2169 1104 2215 potes.
