1435 2400
313 101 492 142 MILES
521 101 857 142 GLORIOSUS.
885 102 962 142 IV.
990 106 1027 144 9.
1144 104 1223 148 257

117 215 244 263 Pyrg.
273 210 374 257 Scio,
388 216 424 246 et
441 209 616 259 perspexi
629 221 752 259 saepe3
776 221 924 257 verum,
939 223 1027 248 cum
1046 211 1218 259 antehac,

189 291 192 293 -
270 271 356 301 tum
374 262 487 300 hodie
504 274 699 299 maxume.
1167 265 1220 302 56

108 319 191 357 Pal.
225 318 347 357 Scies:
376 315 512 362 immo,
534 315 648 354 hodie
669 327 817 362 verum,
839 315 985 368 [factis]
1009 316 1113 365 faxo,
1133 325 1218 369 post

264 371 365 408 dices
382 369 520 419 magis.

104 428 237 476 Pyrg.
269 423 347 463 vix
365 423 561 474 reprimor,
582 421 675 473 quin
695 428 731 459 te
749 434 902 459 manere
916 422 1086 470 jubeam.

719 476 806 513 Pal.
833 475 936 514 Cave
952 475 1051 514 istuc
1069 477 1208 518 feceris.

102 533 242 571 Dicent
261 539 298 569 te
315 528 552 576 mendacem,
572 541 641 567 nec
658 541 791 567 verum
804 541 897 577 ωδε,
916 528 993 568 fide
1008 530 1117 569 nulli
1135 545 1213 572 esse

262 592 312 622 te.

100 638 243 678 Dioent
269 649 476 683 servorum,
504 643 640 687 praeter
667 635 772 684 med,
803 648 882 674 esse
910 635 1063 675 fidelem
1091 639 1213 677 nemi-

261 703 362 729 nem.
858 713 863 714 ν
1160 693 1212 730 60

101 748 143 786 N
145 759 222 792 am,
242 745 275 784 si
291 744 447 781 honeste
465 755 637 781 censeam
655 750 695 780 te
709 742 831 781 facere
848 755 972 794 posse,
987 744 1192 784 summm:

100 801 248 839 Verum
268 809 345 835 non
362 803 484 848 pctaet
499 811 509 834 :
540 808 630 834 cave
646 795 759 834 faxis.

324 851 338 865 ⁹
385 852 518 899 Pyrg.
549 850 655 896 Abi;
681 850 763 898 jam
781 849 917 901 patiar,
937 850 1126 902 quidquid
1143 860 1210 891 αεὶ.

103 907 190 944 Pal.
215 906 325 944 Bene
342 904 426 942 vale
442 903 573 954 igitur.

368 959 499 1007 Pyrg.
526 957 589 995 Ire
606 956 743 994 melius
762 963 817 994 ωε
835 964 997 995 strenue.

726 1011 818 1047 Pal.
845 1010 978 1047 Etiam
995 1022 1099 1049 nunc
1116 1013 1211 1052 vale.

101 1070 228 1118 Pyrg.
249 1065 356 1103 Ante
368 1064 440 1102 hoc
457 1062 617 1108 factum,
630 1061 735 1099 hunc
749 1075 836 1100 sum
847 1063 1048 1102 arbitratus
1067 1078 1215 1118 semper

262 1130 415 1156 servum
433 1127 682 1168 pessumum:

99 1176 206 1214 Eum
225 1171 376 1210 fidelem
393 1169 490 1208 mihi
509 1181 586 1207 oese
608 1168 770 1207 invenio.
813 1168 946 1217 Quom
964 1177 1113 1221 egomet
1129 1185 1211 1212 me-

257 1238 346 1263 cum
365 1224 503 1274 cogite,
1158 1228 1209 1265 65

98 1281 222 1321 Stulte
239 1279 323 1322 feci,
344 1278 411 1329 qui
427 1277 531 1315 hunc
548 1275 670 1314 amisi.
699 1276 770 1314 Ibo
788 1275 876 1314 hinc
894 1276 993 1315 intro
1012 1290 1114 1318 nunc
1128 1281 1211 1329 jam

99 1335 167 1374 Ad
194 1345 340 1372 amores
363 1343 496 1370 meos:
527 1338 564 1368 et
588 1329 713 1376 sensi3
743 1329 833 1368 hinc
853 1330 1019 1369 sonitum
1042 1332 1210 1372 fecerunt

257 1386 366 1424 fores.

336 1544 523 1584 ACTUS
552 1542 627 1581 IV.
685 1542 871 1581 SCENA
899 1542 978 1581 IX.

347 1652 492 1690 Pom.
533 1615 965 1687 Pvneorommcns.

96 1758 223 1794 Puer.
240 1754 305 1792 Ne
320 1766 384 1792 me
397 1753 603 1792 moneatis:
624 1752 784 1791 memini
797 1764 868 1803 ego
881 1751 1047 1790 officium
1061 1763 1204 1790 meum.

98 1810 185 1860 Ego
200 1809 282 1857 jam
301 1806 522 1845 conveniam
539 1807 683 1845 illunc:
713 1806 781 1845 ubi
803 1806 872 1844 ubi
890 1814 946 1845 αἱ
964 1806 1151 1857 gentium,

95 1861 361 1912 Invoetigabo:
392 1872 514 1911 operae
531 1873 608 1899 non
625 1873 738 1911 parco
755 1873 863 1898 maee.

96 1918 228 1966 Pyr-g.
258 1914 328 1952 Me
346 1913 482 1965 quaerit
498 1914 589 1953 illic.
629 1914 700 1952 Ibo
718 1913 807 1951 huic
825 1926 943 1964 puero
961 1913 1125 1952 obviam.

95 1971 220 2008 Puer.
249 1967 401 2006 Ehem!
432 1974 468 2005 te
484 1980 624 2018 quaero.
665 1968 791 2013 Salve,
811 1967 868 2005 vir
885 1967 1143 2019 lepidissume,
1182 1969 1206 2004 5

98 2023 306 2062 Cumulate
325 2020 615 2066 commoditate;
645 2029 780 2073 praeter
798 2029 965 2070 emerus,

95 2076 189 2117 Duo
208 2075 277 2115 Dii
295 2087 411 2127 quem
427 2081 576 2112 curant.

469 2129 598 2178 Pyrg.
624 2126 707 2176 Qui
726 2127 802 2165 duo
815 2127 833 2163 ἶ)

723 2183 849 2220 Puer.
875 2181 986 2219 Mars
1004 2188 1040 2218 et
1059 2179 1207 2220 Venus.

920 2245 946 2272 z
972 2235 996 2270 3
