1435 2400
223 84 272 120 88
513 81 902 122 MENAECHMEI.
929 82 966 120 1.
992 85 1031 120 2.

555 191 654 229 Pen.
683 189 763 237 Qui
781 188 863 227 istic
880 195 935 227 est
951 194 1104 227 ornatus
1123 187 1239 225 tuus?
1265 187 1317 231 37

223 241 334 278 Eleu.
362 240 437 279 Dic
454 241 646 280 hominem
664 242 952 294 lepidissumum
971 254 1048 280 esse
1063 252 1138 278 me.

816 297 914 332 Pen.
942 295 1021 332 Ubi
1038 293 1136 332 esuri
1154 305 1284 331 sumus
1297 294 1318 330 ἲ

222 348 334 384 Blen.
363 347 437 386 Dic
451 348 565 386 modo
582 348 666 394 hoc,
687 347 790 397 quod
808 361 877 398 ego
895 354 932 385 te
947 348 1076 396 jubeo.

652 402 750 437 Fen.
780 400 902 438 Dicoz
930 400 1044 438 homo
1062 399 1314 449 lepidissume.

225 454 335 490 Men.
362 452 512 504 Ecquid
530 454 644 492 audes
663 453 709 490 de
726 462 793 491 tuo
809 453 904 491 istuc
922 453 1056 491 addere
1071 455 1088 490 Ρ

717 508 815 543 Pen.
842 506 974 557 Atque
990 505 1238 544 hilarissume.
1266 504 1319 543 40

222 561 332 596 splen.
365 559 496 608 Perge.

415 614 512 650 Pen.
542 613 632 650 Non
651 625 767 663 pergo
785 612 940 659 (hercle)
959 624 1042 662 ego,
1061 611 1134 650 nisi
1152 611 1227 650 scio
1241 611 1318 662 qua

580 666 666 703 atla„

221 717 407 768 Litigium
426 719 473 755 'st
491 679 665 756 5133}er
689 731 830 757 uxore:
859 718 930 757 hoc
946 718 1042 756 mihi
1068 720 1135 757 abs
1153 725 1190 756 te
1207 729 1319 756 caveo

377 778 534 809 cautius.

220 825 332 861 Men.
361 824 471 862 Clam
500 837 657 862 uxorem
688 824 756 862 ubi
785 825 998 875 sepulcrum
1026 825 1250 871 habeamus,
1277 830 1315 861 et

375 877 476 914 hunc
492 879 756 915 comburamus
775 877 888 916 diem.

218 931 316 966 Ρεη.
345 932 433 980 Age
461 943 548 967 sane
574 930 702 980 igitur,
728 930 880 980 quando
899 944 1051 982 aequum
1078 943 1174 978 oras,
1201 941 1318 981 quam

378 995 469 1019 mox
487 983 644 1020 incendo
662 995 795 1033 rogum
809 983 827 1019 Ρ

218 1035 310 1073 Dies
329 1035 482 1085 quidem
509 1037 590 1084 jam
609 1035 657 1073 ad
677 1035 900 1074 umbilicum
918 1038 966 1075 ’st
983 1035 1200 1074 dimidiatus
1217 1048 1320 1073 mor-

376 1095 479 1125 tuus.
1266 1090 1318 1126 45

220 1142 330 1178 sslen.
362 1140 421 1178 Te
439 1153 597 1189 morare,
617 1141 712 1179 mihi
731 1155 846 1192 quom
865 1142 1078 1193 obloquere-

647 1196 745 1232 Pen.
772 1195 943 1233 Oculum
962 1196 1112 1234 effodito
1129 1195 1318 1247 persolum

217 1246 333 1294 Mihi,
355 1246 608 1295 Menaechme,
635 1248 666 1285 si
685 1248 809 1285 ullum
828 1250 985 1287 verbum
1003 1248 1106 1298 faxo,
1125 1248 1197 1287 nisi
1215 1246 1317 1299 quod

371 1312 536 1348 Jussens.

219 1353 333 1390 Blen.
363 1352 534 1390 Concede
551 1353 626 1391 huc
645 1367 668 1391 a
685 1353 840 1392 foribus.

459 1407 558 1444 Pen.
586 1406 685 1443 Fiat.

606 1460 720 1498 Men.
747 1459 878 1497 Etiam
897 1459 1054 1498 concede
1070 1460 1159 1499 huc.

1068 1515 1167 1551 Pen.
1197 1513 1320 1552 Licet.

218 1564 331 1600 ῙΙῙεη.
359 1563 491 1602 Etiam
509 1576 610 1603 nunc
625 1565 783 1604 concede
796 1565 971 1604 audacter
985 1567 1034 1604 ab
1051 1566 1201 1604 leonino
1214 1579 1317 1604 cavo.

220 1617 317 1653 Pen.
350 1617 441 1654 Heu
457 1617 467 1654 !
509 1617 653 1668 edepol,
688 1630 747 1656 nae
779 1626 821 1656 tu
853 1619 914 1669 (ut
945 1631 1014 1670 ego
1038 1617 1188 1670 opinor)
1221 1632 1317 1657 esses

374 1669 533 1719 agitator
550 1673 702 1721 probus·
1263 1674 1316 1710 50

218 1723 329 1760 Men.
355 1721 529 1769 Quidum
546 1726 563 1761 Ρ

508 1777 606 1813 Pen.
637 1777 700 1814 Ne
728 1783 764 1813 te
791 1789 887 1815 uxor
911 1787 1102 1829 sequatur,
1130 1785 1315 1830 respectas

637 1828 852 1869 identidem.

217 1882 329 1919 Men.
357 1881 431 1920 Sed
449 1881 543 1933 quid
560 1881 614 1920 ais
627 1881 645 1918 ’ἓ

510 1937 608 1973 Pen.
636 1935 770 1986 Egone
783 1935 801 1971 Ρ
829 1936 869 1973 id
887 1937 988 1974 enim
1006 1937 1108 1988 quod
1127 1944 1168 1976 tu
1187 1937 1256 1986 vis,
1276 1937 1316 1975 id

635 1988 709 2035 aio,
729 1996 841 2039 abque
858 1989 897 2026 id
915 2002 1025 2041 nego.

222 2042 332 2078 Men.
359 2040 511 2130 {cquid
538 2048 579 2078 tu
602 2041 649 2079 de
673 2041 785 2080 odore
812 2042 944 2093 possis,
969 2043 1000 2082 si
1026 2043 1118 2094 quid
1144 2044 1238 2083 forte
1264 2045 1320 2082 ol-

390 2106 514 2141 ecens,

211 2144 348 2184 Facere
366 2147 644 2196 conjecturam?
