1435 2400
235 83 414 122 MILES
444 80 778 121 GLORIOSUS.
809 82 895 120 ΙΙΙ.
922 82 961 119 3.
1069 83 1150 121 233

35 188 116 236 Qui
135 200 209 227 nov
211 189 280 228 erit
298 202 373 237 me,
395 188 481 240 quis
500 200 571 238 ego
588 187 663 225 sim
674 187 693 223 Ρ

477 241 564 278 Pal.
593 241 723 279 Nimis
741 240 866 290 lepide
883 241 1066 282 fabulare.
1095 245 1143 281 51

30 295 91 333 Eo
102 296 267 346 potuerit
284 295 447 346 lepidius
464 293 568 345 (pol)
591 294 682 332 fieri.

574 348 692 385 Acro.
722 346 824 385 Poti’
827 360 874 386 ne
889 356 933 385 ut
950 349 1147 389 hominem

29 401 134 439 Mihi
152 402 216 441 des
232 405 250 441 ‚⁹
279 402 446 454 quiescas
465 408 610 440 caetera.
649 401 704 438 Ni
721 401 846 451 lepide
863 401 1058 440 ludificata

27 455 121 505 Ero,
142 457 293 507 culpam
312 468 466 494 omnem
484 455 525 492 in
543 468 607 493 me
624 454 825 506 imponito.

489 510 580 546 Pal.
610 509 728 559 Agite
745 508 878 559 igitur,
898 508 998 546 intro
1017 509 1143 558 abite3

27 562 200 602 Insistite
217 563 289 602 1100
307 562 507 614 negotium
527 561 727 613 sapienter.

700 616 820 654 Acro.
847 615 942 653 Alia
960 628 1061 654 cura.
1091 619 1142 655 55

28 669 115 709 Pal.
143 671 246 722 Age,
267 670 605 722 Periplectomene,
625 669 695 707 has
711 681 816 708 1111110
836 671 919 720 jam
937 668 1014 707 duc
1031 670 1145 709 intro.

186 726 273 775 Ego
291 724 340 762 ad
358 724 484 762 forum
500 723 614 761 illum

25 777 273 825 Conveniam,
303 786 418 829 atque
443 777 501 815 illi
525 776 630 814 hunc
656 776 846 815 annulum
874 775 998 823 dab03
1027 783 1144 829 atque

214 831 400 870 raedicabo

22 883 63 922 A
91 885 159 924 tua
185 844 304 923 Exore
328 884 425 923 mihi
453 883 587 922 datum
617 896 712 932 esse,
744 896 906 936 eamque
932 883 1045 922 illum
1074 885 1141 924 de-

82 951 84 953 ·
182 951 316 988 penre.

23 993 138 1031 Hanc
156 991 206 1029 ad
222 1004 306 1037 nos,
327 1003 444 1042 quom
463 991 657 1042 extemplo
675 1004 698 1029 a
714 990 797 1029 foro
818 990 1029 1039 veniemus,
1048 992 1140 1030 mit-

187 1053 257 1083 nto
276 1053 333 1090 tu,

24 1099 149 1147 Quasi
168 1099 386 1136 clanculum
405 1098 455 1135 ad
473 1110 535 1135 me
552 1098 667 1136 missa
685 1098 746 1136 sit.

424 1153 562 1201 Perip.
590 1151 623 1189 F
626 1150 804 1189 aciemus.
843 1150 939 1188 Alia
957 1163 1059 1189 cura.
1086 1153 1139 1192 60

24 1207 117 1244 Pal.
145 1205 228 1243 Vos
246 1204 361 1244 modo
380 1213 531 1244 curate:
563 1217 632 1255 ego
644 1204 755 1242 illum
773 1205 892 1255 probe
900 1205 987 1254 jam
1006 1217 1141 1244 onera-

183 1265 268 1296 tum
285 1259 362 1297 huc
380 1259 522 1297 accibo.

26 1314 165 1362 Perip.
206 1312 314 1350 Bene
336 1312 516 1358 ambula3
544 1313 643 1350 bene
664 1324 745 1350 rem
767 1323 868 1364 gere.
903 1310 977 1360 At,
1004 1325 1137 1363 egone,

182 1365 256 1404 hoc
273 1366 305 1404 si
323 1365 483 1404 efficiam
501 1366 628 1417 plane,

21 1421 79 1460 Ut
96 1419 346 1459 concubinam
365 1419 508 1458 Militis
524 1431 634 1457 meus
651 1418 790 1470 hospes
806 1418 945 1457 habeat
961 1419 1089 1468 hodie,

19 1475 153 1526 Atque
178 1473 268 1511 hinc
294 1473 469 1511 Athenas
495 1474 633 1519 aboet3
674 1472 705 1510 si
731 1472 844 1511 hodie
870 1472 973 1511 hunc
1000 1473 1134 1512 dolum

179 1526 370 1574 dolamus,
418 1555 420 1557 >
440 1546 442 1548 v

19 1579 129 1629 Quid
145 1580 214 1620 tibi
235 1593 304 1631 ego
321 1580 473 1618 mittam
492 1579 685 1618 muneris.
674 1581 693 1606 ⁹

296 1634 417 1672 Acro.
443 1633 573 1672 Datne
590 1634 639 1671 ab
658 1646 697 1671 se
714 1632 852 1671 mulier
863 1633 1052 1701 operam?
1080 1635 1132 1673 65

21 1689 114 1727 Ραῑ.
140 1686 406 1739 Lepidissume
424 1694 463 1726 et
480 1687 719 1726 comissume.
769 1699 785 1713 *x
801 1700 812 1705 ff·
849 1709 852 1711 -

544 1742 664 1779 Acro.
692 1740 854 1779 Confido
872 1740 1134 1780 confutatum.

18 1794 101 1833 Ubi
118 1793 217 1832 facta
239 1795 309 1833 erit
322 1795 472 1834 collatio
489 1802 703 1833 nostrarum
722 1794 972 1843 malitiarum,

19 1848 142 1886 Haud
160 1860 300 1895 vereor,
319 1859 369 1886 ne
385 1861 454 1887 nos
472 1848 633 1887 subdola
650 1847 809 1899 perfidia
826 1848 1104 1900 pervincamur.

21 1903 159 1951 Perip.
191 1902 391 1939 Abeamus
409 1915 496 1953 ergo
513 1902 628 1950 intro,
648 1902 732 1940 haec
749 1902 807 1940 uti
825 1901 1056 1940 meditemur
1072 1915 1135 1941 co-

180 1962 322 2006 gnam

19 2008 84 2047 Ne
103 2008 210 2060 quid⁷
230 2008 298 2047 ubi
317 2007 435 2047 Miles
451 2009 609 2057 venerit,
629 2009 824 2048 titubetur.

655 2064 775 2101 Acro.
805 2062 872 2100 Tu
889 2075 1050 2109 morare,
1080 2062 1132 2106 70

22 2115 79 2154 Ut
95 2122 267 2157 accurate
286 2123 323 2154 et
341 2116 538 2155 commode
555 2116 641 2164 hoc,
660 2116 764 2168 quod
782 2115 981 2167 agundum
993 2117 1054 2164 'st,
1070 2127 1137 2153 ex-

181 2182 399 2221 sequamur.

840 2231 869 2259 x
892 2222 917 2257 3

322 2285 344 2294 u
380 2274 394 2295 .'
546 2275 569 2290 ¹⁵
599 2283 624 2290 Η
