1435 2400
219 122 298 159 260
476 119 653 160 MILES
683 120 1014 161 GLORIOSUS.
1042 120 1094 161 V.

212 226 275 264 De
294 226 436 275 tunica,
454 235 490 266 et
507 228 719 280 chlamyde,
737 236 772 267 et
786 226 988 276 machaera,
1003 240 1051 267 ne
1064 227 1158 280 quid
1173 239 1320 279 speres3

375 293 451 319 non
469 281 576 320 feres.
1270 281 1324 319 30

212 333 431 372 Verberone
449 335 577 380 etiam,
597 342 801 386 antequam
820 334 962 372 amittis
975 334 993 370 ’ἓ

559 390 689 438 Pyrg.
717 387 829 426 Mitis
847 400 932 426 sum
952 386 1127 439 equidem
1145 386 1321 425 fustibus.

214 438 383 478 Obsecro
401 453 466 479 vos
485 469 494 480 .
515 467 526 479 .
543 467 553 477 .
574 468 585 478 .

531 496 670 545 Perip.
698 494 840 533 Solvite
857 493 984 532 istum.

742 550 873 597 Pgsrg.
910 547 1084 585 Gratiam
1102 546 1223 584 habeo
1240 544 1323 584 tibi.

212 600 350 650 Perip.
378 601 419 639 Si
437 601 591 652 posthac
608 601 838 653 prehendero
862 613 932 652 ego
948 607 984 639 te
1000 600 1078 648 hic,
1098 601 1230 639 arcebo
1248 605 1322 637 ιω-

370 654 483 692 tibus.

215 704 341 756 Pyrg.
375 707 541 746 Causam
561 707 665 745 haud
684 707 780 746 dico.

530 763 668 811 Perip.
698 761 846 800 Eamus
863 759 976 808 intro,
997 759 1122 798 Cario.

903 816 1030 863 Pyrg.
1060 813 1194 851 Servos
1215 823 1320 850 meos

209 864 329 904 Eccos
347 866 467 904 video.
507 866 829 905 Philocomasium
849 868 933 917 jam
955 866 1121 918 profecta
1146 865 1231 904 est?
1259 865 1319 955 {ic

370 919 476 957 mihi.
1292 919 1316 955 5

213 972 311 1008 Scel.
337 972 592 1010 Jamdudum.

291 1027 421 1074 Pyrg.
453 1026 530 1063 Hei
548 1026 644 1063 mihi
663 1026 672 1063 !

359 1080 453 1116 Sed.
485 1078 616 1128 Magis
635 1079 675 1116 id
693 1079 808 1126 dicas,
829 1079 860 1117 si
878 1079 984 1128 scias,
1005 1077 1109 1130 quod
1127 1090 1196 1129 ego
1213 1078 1289 1117 scio
1301 1091 1313 1115 ε

208 1129 389 1182 Namque
407 1132 485 1177 ille,
506 1132 572 1183 qui
590 1133 718 1170 lanam
741 1134 789 1171 ob
815 1133 970 1170 oculum
996 1132 1174 1180 habebat,
1200 1138 1317 1169 nauta

369 1197 444 1223 non
464 1193 553 1223 erat.

209 1239 338 1288 Pyrg.
365 1239 465 1286 Quis
483 1246 562 1276 erat
581 1238 697 1289 igitur
713 1241 731 1278 ?
799 1255 821 1286 ι

474 1294 570 1330 Scel.
600 1292 877 1331 Philocomasio
894 1298 1051 1330 amator.

800 1347 932 1395 Pyrg.
961 1345 1045 1393 Qui
1065 1352 1107 1383 tu
1126 1345 1224 1384 scis?

1095 1401 1190 1438 Scel.
1219 1398 1320 1438 Scio.

205 1450 328 1500 Nam,
354 1459 557 1503 postquam
583 1452 757 1491 exierunt
784 1451 908 1503 porta,
934 1452 1027 1490 nihil
1054 1450 1243 1491 cessarunt
1269 1452 1317 1490 il-

366 1505 439 1543 lico

205 1557 381 1596 Osculan·
398 1565 512 1610 atque
530 1559 741 1611 amplexari
758 1558 856 1597 inter
874 1571 923 1596 se.

704 1615 836 1663 Pyrg.
866 1611 940 1650 Vae
956 1611 1093 1650 misero
1110 1611 1231 1650 mihi!
1263 1613 1315 1650 40

205 1663 335 1702 Verba
353 1664 449 1701 mihi
467 1664 556 1702 data
576 1677 655 1703 esse
673 1665 793 1703 video.
833 1665 966 1704 Scelus
984 1664 1054 1703 viri
1073 1665 1285 1713 Palaesfflo,

205 1716 247 1755 Is
265 1729 328 1755 me
346 1716 387 1754 in
404 1717 502 1756 hanc
520 1718 643 1756 illexit
660 1718 846 1756 fraudem.
887 1719 916 1756 J
918 1732 985 1757 ure
1001 1718 1146 1757 factum
1161 1719 1305 1768 judico.

204 1770 247 1808 Si
265 1770 318 1808 sic
336 1770 418 1808 aliis
436 1771 590 1809 moechis
609 1773 690 1819 fiat,
710 1772 838 1810 minus
855 1772 920 1810 hic
937 1772 1170 1810 moechorum
1189 1772 1258 1810 siet
1273 1786 1284 1810 ε

205 1823 337 1875 Magis
354 1831 551 1870 metuant3
578 1825 707 1864 minus
725 1825 794 1864 has
807 1838 865 1865 res
884 1825 1072 1865 studeant.
1100 1825 1248 1864 Eamus
1266 1825 1315 1864 ad

363 1890 438 1916 me.
481 1878 670 1917 Plaudite.
