1435 2400
468 33 805 73 MERCATOR.
836 34 869 71 1.
899 35 937 71 2.
1154 33 1227 70 145

122 138 205 187 Qui
222 148 338 187 nunc3
357 150 475 189 quom
493 139 640 176 malum
654 139 893 178 audiundum
906 140 968 187 'st‚
987 139 1133 190 flagitas
1150 151 1227 185 me,

279 200 324 229 ut
342 192 508 242 eloquar.
1175 194 1227 229 66

127 246 248 285 Char.
277 245 445 284 Obsecro
466 245 637 296 (hercle)
658 253 708 293 te,
728 246 824 284 istuc
838 245 896 283 uti
913 254 955 283 tu
970 245 1064 283 mihi
1082 245 1229 283 malum

278 299 391 336 facias
409 300 549 349 palam.

122 353 265 391 Acant.
304 352 489 403 Eloquar,
527 352 834 404 quandoquidem
870 365 933 390 me
967 364 1061 390 oras.
1118 352 1228 390 Tuus

279 413 385 457 pater
406 433 416 442 .
435 433 445 442 .
465 433 475 443 .
497 434 507 443 .

532 461 649 498 Char.
677 459 784 507 Quid
802 471 911 497 meus
929 465 1035 509 pater
1049 461 1066 496 ἓ

119 512 261 550 Acant.
291 512 420 550 Tuam
439 513 601 550 amicam
620 540 631 551 .
651 541 661 550 .
682 540 691 551 .
711 540 722 550 .

285 567 404 604 Char.
434 565 542 613 Quid
561 580 644 605 eam
655 567 673 603 ’Ξ

437 621 580 658 Acant.
609 620 730 658 Vidit.

546 674 664 712 Char.
697 673 808 712 Vidit
821 675 839 711 ἓ
868 686 926 711 vae
943 672 1080 711 misero
1098 671 1194 710 mihi
1212 672 1222 709 !

119 725 220 773 Hoc,
240 725 343 777 quod
362 732 399 764 te
417 726 619 777 interrogo,
641 727 837 778 responde.

418 780 561 818 Acunt.
589 780 697 828 Quin
717 788 773 829 tu,
793 780 824 818 si
842 779 936 832 quid
955 779 1026 827 vis,
1041 791 1144 831 roga.
1174 779 1224 823 ’,Ὃ

122 833 243 871 Char.
272 832 355 880 Qui
373 832 497 883 potuit
515 833 670 871 videre?

383 887 525 923 Acant.
554 886 698 925 Oculis.

544 941 664 978 Char.
694 940 785 988 Quo
802 948 934 992 pactu.
925 942 943 967 ‘³

834 995 975 1031 Acant.
1005 990 1226 1030 Hiantibus.

120 1046 241 1085 Char.
273 1046 293 1083 I
312 1045 400 1084 hinc
417 1045 599 1084 dierectus
619 1047 629 1084 2
659 1059 802 1097 nugare
819 1047 859 1084 in
877 1058 917 1083 re
935 1045 1085 1095 capitali
1103 1045 1214 1083 mea?

117 1101 259 1137 Acant.
289 1097 371 1145 Qui
393 1099 557 1148 (malum
577 1100 609 1146 Σ)
631 1112 700 1150 ego
719 1112 854 1150 nugor,
881 1099 912 1137 si
934 1099 1016 1145 tibi,
1036 1098 1140 1149 quod
1163 1110 1226 1135 me

277 1164 400 1202 rogas,
419 1152 624 1202 respondeo
638 1155 656 1190 Ρ

121 1205 240 1244 Char.
270 1204 420 1243 Certen'
441 1205 563 1243 vidit?

319 1259 461 1296 Acant.
492 1259 593 1297 Tam
611 1260 628 1309 (
644 1257 786 1307 hercle)
806 1266 917 1306 certe,
937 1271 1054 1310 quam
1073 1270 1143 1309 ego
1170 1265 1221 1305 te,

436 1324 479 1350 ac
498 1319 538 1349 tu
558 1325 620 1350 me
638 1312 754 1350 vides.

120 1365 240 1404 Char.
270 1364 350 1403 Ubi
368 1377 453 1403 eam
471 1365 591 1403 vidit?

179 1419 320 1457 Acant.
348 1418 460 1456 Intus
477 1418 577 1456 intra
594 1418 737 1468 navim,
758 1418 815 1457 uti
832 1431 949 1470 prope
968 1417 1111 1456 adstitit
1127 1430 1139 1462 ς
1170 1418 1220 1462 75

117 1471 171 1510 Et
189 1484 278 1510 cum
297 1473 340 1510 ea
360 1471 666 1511 confabulatu’st.

624 1527 743 1564 Char.
771 1525 975 1563 Perdidisti
993 1537 1069 1572 me,
1088 1525 1218 1575 pater!

116 1578 205 1617 Eho
223 1585 292 1616 tu.
283 1579 293 1605 ἵ
324 1579 394 1617 eho
413 1579 483 1617 tu!
514 1579 617 1634 quin
627 1579 769 1645 cavisti,
788 1590 837 1616 ne
858 1591 943 1617 eam
967 1577 1122 1627 videret,
1142 1590 1226 1616 ver-

274 1633 387 1670 bero.
376 1631 394 1656 '³

115 1684 239 1733 Quin,
280 1686 444 1733 sceleste,
485 1686 747 1734 abstrudebas‚
790 1698 838 1724 ne
877 1699 961 1725 fflm
998 1685 1224 1736 conspiceret

275 1739 408 1789 pater?

115 1791 260 1830 Acant.
287 1791 392 1839 Quia
411 1793 595 1843 negotiosi
612 1805 762 1831 eramus
781 1805 849 1831 nos
866 1792 1001 1830 nostris
1020 1791 1202 1841 negotiis:

115 1845 376 1883 Armamentis
409 1846 678 1898 complicandis
709 1853 746 1884 et
777 1845 1045 1897 componendis
1076 1844 1224 1882 studui-

275 1910 374 1935 mus.
1171 1899 1224 1935 80

115 1950 225 1988 Dum
260 1950 341 1988 haec
378 1960 558 2002 aguntur,
594 1953 721 1991 lembo
756 1952 954 1991 advehitur
989 1959 1079 1990 tuus
1117 1959 1224 2002 pater

277 2005 513 2054 pauxillulo:

116 2057 256 2108 Neque
282 2058 485 2109 quisquam
512 2058 707 2098 hominem
734 2059 1014 2110 conspicatu'st‚
1042 2057 1160 2096 donec
1184 2056 1223 2093 in

278 2111 367 2148 navi
385 2124 508 2161 super.

171 2174 278 2203 vol„
305 2174 357 2202 11.
1064 2173 1090 2200 0
