1435 2400
378 123 464 162 ΜΕ
470 123 561 162 NAE
567 122 729 162 CHME
735 123 768 161 Ι.
799 123 859 162 ΙΙ.
886 123 924 160 3.
1149 120 1200 164 97

334 280 520 319 ACTUS
549 279 610 317 ΙΙ.
666 277 853 317 SCENA
882 277 966 316 111.

104 386 343 425 Eteonon.
370 386 659 425 cvmsnnus.
689 385 1004 423 MENAECBMUS
1032 382 1203 419 Sosicles.

525 439 781 477 Msssssmo.

103 549 215 584 Erot.
249 547 338 586 Sine
355 545 465 584 foreis
483 546 558 584 sic:
588 545 674 591 abi;
704 545 791 583 nolo
810 542 956 595 operiri.

102 600 213 638 Intus
230 613 334 652 para,
353 612 457 647 cura,
477 598 576 647 vide,
596 599 700 650 quod
718 612 812 649 opus
831 606 897 642 est,
918 603 962 633 ut

102 653 211 691 Piat:
244 653 394 691 sternite
411 653 549 697 lectos3
578 652 763 690 incendite
781 651 922 689 odores.

102 706 297 744 Munditia
314 706 487 744 illecebra
504 705 631 743 animo
650 713 704 744 ωε
722 707 930 742 amantum.

99 760 262 798 Amanti
280 759 474 798 amoenitas
487 759 589 797 malo
608 766 677 807 aet,
698 758 805 796 nobis
821 758 927 796 lucro
946 763 1014 794 oet.
1180 756 1206 792 5

101 812 176 850 Sed
194 814 259 851 ubi
278 813 342 850 ille
361 819 431 858 est,
451 824 567 864 quem
586 825 728 864 coquus
744 819 830 849 ante
849 810 959 848 aedeis
974 821 1052 848 esse
1069 808 1122 847 ait
1135 811 1153 847 Ρ

100 866 232 917 Atque
250 879 380 905 eccum
400 865 520 912 video,
541 867 608 917 qui
626 866 723 903 mihi
740 873 795 903 oet
812 864 913 912 usui,
933 872 970 902 et

101 918 316 957 Plurimum
337 919 510 971 prodest:
541 920 632 957 item
650 919 740 957 huic
757 919 857 956 ultro
875 917 932 965 fit,
952 924 996 955 ut

100 971 240 1020 Meret,
260 973 490 1024 potissumus
507 980 644 1010 nostrae
661 972 766 1010 domi
786 979 828 1009 ut
840 971 910 1009 sit:

101 1025 217 1064 Nunc
235 1039 322 1064 eum
341 1025 467 1073 adibo,
487 1026 658 1077 alloquar
676 1026 788 1063 ultro.
1155 1024 1202 1061 10

99 1079 287 1117 Animule
305 1079 383 1116 mi!
415 1078 511 1115 mihi
528 1080 626 1116 mira
643 1079 830 1125 videntur,

102 1132 182 1170 Hic
201 1139 238 1170 te
257 1140 353 1170 stare
371 1131 475 1178 foris,
494 1131 592 1170 fores
611 1131 701 1183 quoi
718 1138 872 1182 pateant

100 1185 244 1236 Magis,
261 1198 377 1236 quam
397 1185 532 1223 domus
550 1193 629 1229 tua,
648 1185 784 1222 domus
803 1195 920 1235 quom
937 1183 1018 1221 haec
1036 1189 1102 1220 tua
1120 1183 1180 1220 sit.

101 1238 230 1276 Omne
247 1247 423 1289 paratum
443 1246 511 1285 oet,

101 1291 155 1329 Ut
171 1292 328 1340 jussisti,
349 1300 462 1342 atque
480 1298 525 1328 ut
543 1291 718 1329 voluisti:
749 1303 872 1342 neque
887 1289 956 1328 tibi
975 1297 1029 1327 aet
1158 1290 1205 1326 15

99 1345 192 1382 Una
209 1357 314 1382 mora
331 1344 445 1383 intus.
488 1344 714 1390 Prandium,
734 1351 778 1381 ut
792 1343 950 1393 jussisti,
970 1343 1035 1380 hic

101 1396 287 1436 Curatum
306 1406 384 1436 aet:
414 1397 482 1436 ubi
499 1397 619 1442 lubet,
638 1397 692 1435 ire
709 1397 796 1435 licet
814 1396 1046 1435 accubitum.

97 1451 202 1489 Men.
232 1450 404 1499 Quicum
421 1451 502 1489 haec
520 1451 657 1489 mulier
673 1450 842 1501 loquitur
858 1452 875 1488 ?

419 1507 533 1542 Erot.
562 1504 756 1556 Equidem
775 1511 913 1541 tecum.

701 1559 813 1596 Men.
842 1555 950 1604 Quid
968 1568 1118 1595 mecum
1137 1557 1207 1596 tibi

99 1611 191 1649 Fuit
207 1624 392 1663 unquam,
412 1620 479 1650 aut
496 1623 598 1650 nunc
617 1618 686 1658 est,
706 1611 833 1662 negoti
848 1612 865 1648 ?

378 1668 492 1704 Erot.
522 1664 627 1712 Quia
643 1663 746 1716 (pol)
767 1672 802 1702 te
821 1675 942 1702 unum
963 1677 1010 1701 ex
1028 1664 1207 1702 omnibus

97 1717 231 1756 Venus
248 1719 368 1757 voluit
385 1731 447 1757 me
464 1718 730 1769 magnificare:
760 1725 874 1769 atque
891 1716 932 1754 id
949 1716 1053 1754 haud
1070 1717 1206 1755 imme-

255 1771 327 1810 rito
344 1780 422 1810 tuo.
1151 1772 1203 1809 20

97 1825 204 1862 Nam
236 1826 411 1875 (eoestor)
444 1826 545 1864 solus
577 1825 779 1864 benefactis
807 1824 883 1862 tuis
915 1836 978 1862 me
1011 1823 1208 1862 florentem

99 1932 211 1968 Men.
241 1906 363 2021 Clamo·
379 1932 460 1970 haec
486 1933 623 1971 mulier
650 1940 717 1970 aut
745 1931 878 1970 insana
908 1938 975 1969 aut
1004 1930 1108 1968 ebria
1137 1937 1204 1978 est,

97 2037 198 2086 Quae
223 1997 618 2098 hofflmi'gnotum
645 2039 844 2090 compellet
870 2051 933 2077 me
960 2045 1040 2075 tam
1062 2036 1204 2075 famili-

107 2144 205 2182 Mes.
233 2100 458 2197 ffitgtego
480 2145 581 2184 istaec
600 2145 664 2184 hic
689 2145 806 2184 solere
830 2145 941 2184 fieri?
969 2143 1079 2182 Folia
1104 2154 1206 2180 nunc

259 2197 411 2247 cadunt,

154 2259 258 2288 voL.
279 2262 330 2288 11.
962 2263 989 2288 x
