1435 2400
240 79 319 116 322
634 71 833 119 PERSA.
862 80 896 118 1.
926 81 962 116 3.

494 233 680 274 ACTUS
709 234 743 272 I.
796 233 983 273 SCENA
1013 232 1096 271 ΙΙΙ.

550 341 769 380 ΤοΧιιυε.
809 341 1031 379 Summo.

246 447 337 484 Tooe.
372 446 543 486 Omnem
560 459 640 484 rem
659 446 801 491 inveni,
821 454 865 484 ut
883 446 954 484 sua
970 445 1040 483 sibi
1060 443 1221 496 pecunia

239 499 367 538 Hodie
384 500 489 538 illam
508 499 620 538 faciat
637 499 724 537 leno
743 500 916 537 libertam
937 511 1058 536 suam.

239 552 314 590 Sed
333 566 460 591 eccum
479 553 701 604 parasitum,
722 553 859 602 quojus
877 551 973 589 mihi
991 551 1133 589 auxilio
1153 550 1202 588 'st
1220 562 1329 601 opus.

240 605 437 644 simulabo
456 606 564 657 quasi
582 617 656 643 non
677 605 850 650 videam;
879 605 931 642 ita
950 605 1112 642 alliciam
1131 605 1267 642 virum.

241 657 381 697 Curate
398 659 480 697 istic
499 671 578 705 vos,
597 666 711 709 atque
729 666 973 709 approperate
991 670 1118 708 ocyus.
1322 658 1347 693 5

240 711 304 749 Ne
321 712 417 750 mihi
431 725 545 750 morae
563 712 610 749 sit
623 711 848 762 quidquam,
864 711 931 748 ubi
950 723 1018 760 ego
1036 711 1134 748 intro
1150 709 1348 747 advenero.

241 764 454 803 commisce
472 765 667 808 mulsum;
699 764 868 802 struthea
885 763 1134 814 colutheaque
1151 775 1304 824 appara,

241 817 349 855 Bene
367 826 410 855 ut
428 819 466 855 in
487 818 618 855 scutris
637 817 877 861 concaleant;
907 825 944 854 et
962 816 1180 853 calamum'
1170 816 1294 865 injice.

236 869 331 909 «lam
352 872 365 920 (
380 871 462 921 pol)
483 870 548 908 ille
568 871 632 908 hic
650 870 768 908 aderit
789 868 935 921 (credo)
956 881 1132 920 congerro
1149 881 1269 907 meus.

239 926 324 962 Sat.
353 924 423 962 Me
439 923 553 969 dicit3
583 923 702 973 euge!

640 978 738 1014 Tooe.
766 976 939 1014 Lautum
958 974 1067 1014 credo
1085 988 1109 1013 a
1125 974 1269 1014 balneis
1299 975 1349 1014 10

238 1030 268 1069 J
271 1043 333 1068 am
352 1030 417 1068 hic
434 1029 657 1068 affuturum.

612 1086 695 1123 Sat.
723 1084 780 1122 Ut
797 1083 927 1122 ordine
945 1095 1099 1122 omnem
1117 1095 1198 1121 rem
1216 1081 1344 1120 tenet!

244 1138 340 1174 Tox.
368 1137 532 1188 Collyrae
548 1137 659 1176 facite
677 1144 720 1176 ut
737 1137 930 1186 madeant,
951 1145 989 1175 et
1003 1136 1205 1188 colliphia;

236 1191 301 1228 Ne
319 1190 414 1228 mihi
432 1190 576 1229 incocta
593 1191 702 1230 detis.

638 1247 723 1283 Sat.
752 1245 852 1283 Rem
869 1244 1040 1295 loquitur
1057 1255 1214 1281 meram.

235 1297 363 1335 Nihili
381 1304 469 1335 sunt
489 1298 629 1346 crudae,
648 1299 721 1336 nisi
740 1311 834 1349 quas
851 1298 1022 1336 madidas
1040 1296 1190 1347 glutias.

236 1350 357 1397 Tum,
377 1352 450 1388 nisi
469 1364 632 1390 cremore
650 1364 773 1390 crasso
792 1359 847 1389 est
862 1352 926 1400 jus
945 1351 1179 1402 collyficum,
1292 1350 1342 1386 15

232 1404 361 1441 Nihili
379 1412 433 1442 est
451 1417 623 1443 macrum
642 1405 752 1452 illud,
773 1405 999 1456 epicrocum,
1019 1402 1278 1455 pellucidum:

234 1457 355 1501 Quasi
369 1459 518 1506 juream
537 1470 615 1496 esse
629 1460 694 1507 jus
711 1459 817 1496 decet
834 1458 1066 1508 coHyricum.

230 1511 348 1559 Nolo,
368 1511 408 1547 in
427 1511 586 1549 vesicam
606 1511 709 1562 quod
727 1518 800 1557 eat,
820 1511 860 1547 in
879 1518 1048 1548 ventrem
1066 1509 1164 1547 volo.

235 1565 332 1600 Tooe.
362 1564 487 1614 Prope
505 1576 567 1601 me
585 1565 649 1603 hic
666 1563 895 1613 nescio-quis
913 1563 1093 1612 loquitur.

940 1617 1024 1653 Sat.
1053 1615 1091 1653 Ο
1110 1614 1166 1652 mi
1184 1614 1344 1666 Jupiter

230 1668 434 1707 Terrestris
449 1669 458 1706 Ξ
488 1676 525 1706 te
543 1670 775 1720 coepulonus
793 1668 995 1718 compellat
1012 1675 1113 1705 tuus.
1285 1669 1340 1706 20

235 1725 331 1761 Tox.
360 1721 398 1760 O
419 1722 594 1759 Saturio!
625 1729 835 1773 opportune
853 1721 1036 1759 advenisti
1053 1721 1161 1760 mihi.

228 1778 311 1814 Sat.
335 1775 583 1812 Mendacium
598 1775 760 1825 (edepol)
779 1774 869 1811 dicis
884 1788 896 1820 ;
916 1782 1030 1825 atque
1043 1775 1148 1812 haud
1161 1781 1199 1812 te
1212 1775 1338 1813 decet:

225 1830 332 1868 Nam
351 1828 490 1866 Esurio
509 1827 631 1875 venio,
651 1840 727 1865 non
747 1827 906 1865 advenio
925 1828 1087 1866 Saturio.

234 1884 331 1920 Tox.
351 1882 410 1918 At
425 1880 535 1918 edes:
557 1893 647 1918 nam
662 1882 742 1929 jam
761 1881 865 1918 intus
880 1882 1018 1919 ventn's
1032 1882 1184 1919 fumant
1201 1880 1347 1920 focula.

224 1935 397 1974 Calefieri
411 1935 508 1983 jussi
525 1934 715 1985 reliquias.

651 1989 734 2025 Sat.
765 1988 932 2025 Pernam
950 1987 1105 2038 quidem
1283 1988 1335 2024 25

220 2042 249 2079 J
253 2055 297 2079 us
316 2048 370 2079 est
388 2040 527 2091 apponi
546 2040 724 2090 frigidam
743 2041 935 2092 postridie.

228 2096 324 2133 Tox.
351 2095 413 2132 Ita
431 2094 511 2132 fieri
524 2094 634 2143 jussi.

573 2149 654 2185 Sat.
685 2147 837 2198 Ecquid
857 2148 996 2186 alecis?
