1435 2400
181 58 255 96 152
488 55 823 96 MERCATOR.
854 56 913 94 11.
939 56 977 94 3.

175 163 217 201 Is
234 162 394 210 rescivit,
414 170 450 201 et
468 162 575 210 vidit,
595 170 631 201 et
649 162 812 213 perdidit
830 175 903 200 me.
1254 164 1279 201 9

174 216 326 266 Neque,
346 216 377 254 is
395 229 510 267 quom
530 226 647 266 roget,
667 215 759 266 quid
776 215 925 266 loquar,
940 214 1145 265 cogitatum
1163 214 1211 253 ’st
1225 230 1238 262 3

176 269 237 306 Ita
255 268 372 306 animi
390 269 517 307 decem
535 269 575 305 in
597 276 743 319 pectore
761 268 893 306 incerti
910 276 1063 306 certant.
1226 269 1271 306 ll

174 323 215 359 N
217 335 270 368 00,
291 321 383 372 quid
401 321 510 360 corde
527 334 628 359 nunc
646 321 777 359 consili
797 334 927 372 capere
945 321 1101 371 possim,

175 376 287 420 Sci03
317 382 457 422 tantus,
477 387 565 412 cum
583 375 687 421 cura,
707 387 792 412 meo
811 382 864 412 est
883 386 983 411 error
1001 374 1142 422 animo,

176 428 282 466 Dum
303 428 396 465 servi
414 428 489 465 mei
507 428 695 478 perplacet
713 427 808 464 mihi
826 427 1037 470 consilium,
1228 427 1275 465 14

174 480 281 518 Dum
301 493 450 518 rursum
469 480 571 517 haud
590 480 734 530 placet:
765 493 832 518 nec
849 488 954 530 pater
972 480 1070 530 potis
1089 479 1236 517 videtur

175 533 326 578 Iudaei,
347 541 389 570 ut
407 541 515 584 putet
533 533 645 570 matri
663 533 838 570 ancillam
859 541 998 570 emtam
1019 546 1096 570 esse
1114 533 1234 571 illam.

175 587 292 624 Nunc
309 586 340 623 si
355 586 452 632 dico,
473 594 516 623 ut
533 599 590 624 res
609 594 676 632 est,
697 594 809 636 atque
827 586 932 622 illam
953 586 1046 622 mihi
1065 599 1127 623 me

174 640 324 677 Emisse
342 639 478 685 indico,
499 639 819 690 quemadmodum
840 639 1027 676 existimet
1045 652 1106 676 me
1120 641 1138 676 Ρ

173 692 307 743 Atque
331 692 437 729 1113111
462 691 667 740 abstrahat,
693 700 795 730 trans
820 705 922 729 mare
941 692 1030 728 hinc
1046 704 1197 730 vaenum
1218 704 1279 731 as-

333 752 468 796 portet.

175 798 273 846 Scio,
299 811 418 836 saevus
442 811 558 849 quam
582 797 642 845 sit,
663 797 776 835 domo
794 797 937 836 doctus,
979 796 1104 847 Igitur
1124 797 1277 836 hoccine

334 858 390 888 est
1226 853 1278 889 20

174 905 320 942 Amare
334 906 351 941 P
379 903 503 940 Arare
519 904 714 949 mavelim,
734 916 849 954 quam
869 903 920 941 sic
939 916 1076 940 amare.

173 957 203 995 J
205 969 267 994 am
285 956 374 994 hinc
392 956 483 993 olim
507 956 669 993 invitum
687 956 800 994 domo
819 957 975 993 extrusit
993 958 1041 993 ab
1056 969 1158 1001 303ος

174 1010 221 1047 M
226 1016 392 1047 ercatum
408 1009 519 1057 jussit
536 1009 613 1046 ite:
643 1009 698 1046 ibi
715 1010 786 1047 hoc
803 1009 949 1047 malum
968 1009 1106 1047 inveni.
1148 1010 1227 1048 Ubi

175 1063 422 1113 Voluptatem
442 1062 624 1113 aegritudo
641 1063 779 1109 vincat,
799 1062 892 1113 quid
910 1062 963 1100 ibi
981 1063 1077 1099 inest
1094 1063 1231 1101 amoeni
1245 1065 1263 1100 ?

176 1115 449 1166 Nequidquam
482 1115 625 1164 abdidi,
659 1115 885 1161 abscondidi,
918 1118 1129 1154 abstrusam
1164 1116 1279 1155 habe-

334 1169 437 1207 bam.
1226 1171 1278 1206 25

176 1221 312 1259 Musca
331 1230 387 1258 est
411 1234 520 1260 meus
542 1229 661 1273 pater,
684 1222 782 1260 nihil
810 1229 932 1273 potest
957 1222 1055 1261 clam
1079 1221 1190 1260 illum
1209 1222 1279 1260 ha·

334 1274 426 1311 beri.

175 1328 261 1366 Nec
278 1339 426 1365 sacrum
444 1338 513 1365 nec
530 1335 609 1366 tam
627 1328 830 1380 profanum
849 1327 1059 1380 quidquam
1077 1336 1146 1376 est,
1168 1328 1262 1379 quin

175 1381 237 1418 Ibi
255 1380 366 1418 illico
372 1379 493 1418 adsit·
524 1393 605 1429 nec,
626 1383 695 1432 qui
711 1383 822 1420 rebus
840 1381 934 1418 meis

176 1433 390 1478 Confidam,
409 1433 505 1470 mihi
522 1434 603 1471 ulla
621 1448 704 1486 spes
722 1435 763 1471 in
778 1434 886 1471 corde
905 1440 1003 1471 certa
1023 1441 1089 1471 est.

175 1488 306 1524 Demi.
333 1485 440 1574 &huid
452 1485 558 1576 yffluc
585 1496 654 1535 est,
683 1487 786 1541 quod
813 1487 914 1524 solus
941 1499 1068 1524 secum
1086 1486 1280 1578 fabulatgg

391 1551 434 1575 us

175 1590 365 1630 Sollicitus
383 1591 492 1639 mihi,
512 1592 636 1630 nescio
654 1605 784 1643 quare,
803 1592 963 1630 videtur.

984 1647 1103 1685 Char.
1132 1646 1250 1686 Atate
1265 1648 1276 1685 1

176 1697 293 1736 Meus
318 1704 424 1749 pater
439 1697 501 1735 hic
520 1697 675 1748 quidem
694 1705 762 1745 est,
782 1712 897 1749 quem
915 1698 1034 1737 video.
1077 1700 1163 1747 Ibo,
1184 1701 1278 1738 allo-

333 1763 440 1802 quar.
482 1749 590 1797 Quid
608 1751 665 1798 fit,
685 1754 826 1801 pater?

176 1805 306 1842 Demi.
334 1804 450 1843 Unde
465 1803 629 1842 111(1εά13.
620 1807 637 1832 ⁹
665 1804 759 1855 quid
776 1804 942 1853 festinas,
961 1812 1074 1855 gnate
1091 1806 1174 1845 11119

867 1860 985 1897 Char.
1011 1859 1140 1904 Recte,
1158 1866 1278 1909 pater.

176 1912 308 1949 Demi.
336 1911 399 1949 Ita
416 1911 514 1950 volo.
557 1910 633 1949 Sed
649 1910 745 1950 istuc
763 1911 856 1962 quid
875 1919 943 1961 est,
968 1913 1037 1951 tibi
1055 1913 1158 1964 quod
1176 1925 1278 1951 00111

332 1963 497 2002 mutatu’
500 1971 535 2002 st
552 1965 675 2002 color.
663 1963 683 1987 ⁴³
1226 1967 1279 2003 34

177 2017 382 2069 Numquid
398 2017 468 2055 tibi
486 2017 621 2056 dolet?

283 2070 684 2123 Char.Nesc10-qmd
701 2083 787 2110 meo
804 2071 932 2111 animo
951 2080 1008 2111 est
1025 2085 1136 2124 aegre,
1157 2079 1277 2137 pater.

178 2124 313 2163 Postea
329 2124 401 2163 hac
417 2131 525 2164 110010
542 2136 618 2164 11011
638 2124 766 2177 quievi
784 2125 872 2165 satis
890 2126 977 2165 mea
995 2140 1042 2165 ex
1055 2124 1251 2165 sententia.
