1435 2400
175 65 248 103 104
435 65 821 106 MENAECHMEI.
851 67 934 104 111.
962 68 1000 103 3.

175 170 310 209 Occisa
329 172 376 208 'st
393 172 472 209 haec
489 185 559 210 res.
599 173 690 210 Non
709 184 778 222 ego
795 179 832 209 te
849 171 1026 209 indutum
1044 171 1143 210 foras
1224 171 1275 208 46

177 224 295 261 Exire
313 224 389 262 vidi
406 225 509 276 palla
522 227 539 262 ?

658 278 772 314 BIen.
800 278 872 316 Vae
890 277 1001 328 capiti
1020 285 1085 315 tuo
1102 277 1112 314 i

176 328 336 367 Omneis
354 330 512 368 cinaedos
531 343 608 368 esse
626 342 763 375 censes,
783 338 826 367 tu
845 330 934 380 quia
952 343 1002 368 es.

178 381 282 420 Tun'
298 395 360 420 me
376 382 552 420 indutum
571 383 683 421 fuisse
701 382 843 432 pallam
863 383 1040 432 praedicas
1052 382 1070 418 ’Ξ

178 437 274 474 Pen.
302 435 388 485 Ego
406 437 422 483 (
436 435 577 477 hercle)
595 449 693 474 vero.

438 490 549 525 Men.
580 489 669 526 Non
689 495 731 525 tu
750 488 845 533 abis,
867 500 942 538 quo
963 487 1100 538 dignus
1119 486 1185 525 es?
1222 489 1273 525 50

172 541 258 578 Aut
276 547 312 578 te
330 541 424 590 piari
438 542 562 590 jubes,
581 541 695 579 homo
713 540 992 578 insanissume?

171 595 266 632 Pen.
307 594 519 644 Nunquam
556 592 722 644 (edepol)
754 606 816 631 me
852 593 1054 644 quisquam
1087 592 1272 640 exorabit,

333 646 424 697 quin
444 653 520 684 tuae

173 699 296 737 Uxori
315 712 394 736 rem
413 711 565 737 omnem
581 700 675 747 jam,
695 699 752 736 uti
771 699 820 737 sit
837 707 955 749 gesta,
976 699 1143 750 eloquar.

174 752 319 791 Omnes
337 752 376 788 in
397 759 432 789 te
449 752 550 789 istaec
567 752 730 790 recident
749 752 996 789 contumeliae.

175 805 297 851 Faxo,
316 804 420 842 haud
437 804 602 842 inultum
622 804 824 855 prandium
843 804 1055 842 comederis.
1226 807 1276 842 55

175 858 287 895 splen.
310 857 417 905 Quid
430 857 500 895 hoc
515 859 642 907 negoti
657 858 734 895 'sti’
764 857 913 904 Sati'n',
931 865 974 895 ut
986 870 1175 909 quemque
1188 869 1276 896 con-

335 923 470 960 spoeor,

177 962 239 1000 Ita
257 975 318 1001 me
335 963 560 1000 ludificant?
591 963 665 1002 Sed
683 963 897 1013 concrepuit
914 962 1065 1001 ostium.

393 1115 578 1156 ACTUS
608 1116 689 1153 111.
745 1115 931 1154 SCENA
962 1116 1044 1154 III.

341 1222 570 1259 AnclLLA.
609 1221 915 1259 MENAECHMUS
935 1223 1105 1260 Sosicles.

171 1329 269 1365 Anc-
302 1326 554 1375 Menaechme‚
571 1340 696 1365 amare
715 1328 768 1366 ait
786 1335 822 1365 te
839 1327 1007 1365 multum
1026 1328 1217 1375 Erotium,

173 1381 228 1417 Ut
245 1380 316 1417 hoc
334 1392 435 1417 nunc
453 1380 532 1417 una
550 1380 663 1430 opera
681 1380 730 1419 ad
749 1379 939 1418 aurificem
958 1380 1116 1428 deferas,

173 1433 302 1483 Atque
316 1433 405 1470 huic
423 1439 467 1469 ut
485 1432 600 1470 addas
617 1433 699 1470 auri
715 1433 841 1483 pondo
859 1432 1026 1480 unciam,

170 1486 199 1523 J
203 1487 391 1535 abeasque
410 1484 578 1533 spinther
596 1497 736 1522 novum
756 1485 1060 1523 reconcinnarier.

169 1539 282 1575 Dsen.
311 1539 364 1575 Et
381 1537 497 1583 istud,
518 1544 554 1574 et
572 1537 689 1584 aliud,
710 1538 741 1575 si
767 1538 859 1588 quid
884 1538 1007 1575 curari
1025 1539 1138 1586 volet,
1247 1540 1271 1575 5

170 1589 241 1627 Me
259 1597 477 1627 curaturum
495 1590 616 1635 dicito,
637 1590 823 1641 quidquid
841 1590 950 1629 volet.

169 1643 271 1681 Aac.
297 1641 413 1681 Sci’n'
433 1642 536 1693 quod
554 1643 625 1681 hoc
644 1643 692 1681 sit
709 1643 878 1692 spinther
889 1643 907 1679 ?

688 1698 799 1734 Men.
827 1696 980 1742 Nescio,
1004 1695 1076 1734 nisi
1098 1709 1271 1736 aureum.

163 1749 265 1788 Ano.
293 1748 380 1786 Hoc
395 1755 462 1796 est,
483 1748 585 1799 quod
603 1748 694 1786 olim
713 1749 928 1788 clanculum
947 1762 993 1787 ex
1013 1749 1173 1788 armario

170 1802 230 1840 Te
249 1801 468 1852 surripuisse
486 1801 611 1839 aiebas
629 1802 739 1839 uxori
757 1808 845 1839 tuae.

169 1857 282 1893 Meu.
310 1855 521 1904 Nunquam
541 1855 713 1906 (hercle)
731 1855 875 1893 factum
891 1855 948 1893 ’st.

532 1908 631 1945 Ano.
661 1909 752 1946 Non
770 1908 989 1954 meministi,
1008 1909 1188 1948 obsecro?
1219 1910 1267 1946 10

164 1960 296 1999 Redde
313 1960 428 2012 igitur
446 1961 628 2012 spinther,
647 1961 679 1999 si
697 1974 772 2000 non
792 1961 1012 2000 meministi.

973 2017 1089 2054 Men.
1116 2015 1238 2054 Mane
1252 2030 1263 2052 ε

160 2067 298 2113 Immo,
318 2067 504 2159 {ggiidem
530 2067 710 2106 memini:
743 2081 878 2120 nempe
901 2068 972 2109 hoc
997 2075 1068 2118 est,
1089 2068 1192 2120 quod
1210 2067 1267 2118 iui
