1435 2400
498 73 695 113 PERSA.
723 71 783 110 ΙΙ.
810 73 849 111 2.
1146 70 1226 113 327

110 179 229 229 Paeg.
258 179 359 228 Scin,
378 179 465 219 fidei
485 179 656 231 (hercle)
675 179 784 219 herili
797 186 842 217 ut
860 178 976 217 solaet
987 177 1227 230 impudicitia

270 233 502 284 opprobrari.
1174 231 1193 268 l
1202 231 1221 268 l

110 285 195 324 Nec
213 287 544 389 ευξιὲἇιὲἐιῐῗῃωι·
561 299 750 339 unquam,
763 293 808 325 ut
824 298 894 338 pro
905 285 958 348 ὠ.
968 284 1043 324 fide
1058 284 1225 324 habeant

116 393 212 431 Tox.
241 394 325 431 Abi
342 394 468 432 modo.

269 449 385 497 Paeg.
417 447 518 499 Ego,
537 447 726 493 laudabis,
746 447 849 486 faxo.

509 503 604 539 Toae.
633 502 709 540 Sed
726 501 795 540 has
813 501 984 549 tabellas,
1003 499 1221 550 Paegnium,

109 552 192 602 Ipsi
212 553 488 592 Lemniselenae
506 554 564 593 fac
582 555 673 599 deu
704 562 754 601 et,
774 568 860 606 quae
873 555 985 603 jussi,
1006 553 1194 594 nuntiato.

108 607 227 656 Soplz..
249 608 391 645 Cesso'
381 621 435 646 ire
453 620 536 658 ego,
557 621 634 659 quo
652 609 768 647 missa
785 620 895 646 sum.
883 607 902 631 ⁹
1172 605 1220 643 15

108 661 217 709 Paeg.
246 661 307 698 Eo
325 673 409 711 ego.

340 716 436 753 Tooe.
465 714 487 752 I
506 726 618 753 sane:
648 728 718 765 ego
730 714 889 752 domum
906 715 982 753 ibo.
1021 714 1121 753 Face
1137 725 1220 751 rem

439 767 538 806 hanc
556 781 645 807 cum
663 768 754 807 cura
771 781 891 820 geras.

107 819 208 859 Vola
225 821 422 860 curriculo.

253 876 370 924 Paeg.
399 875 507 913 Istuc
523 875 694 913 marinus
710 887 838 926 passer
855 887 923 924 per
942 874 1097 913 Circum
1112 874 1217 912 solet.

106 927 195 966 mic
212 928 306 966 abiit
323 928 412 966 hinc
429 929 529 966 intro
546 929 634 967 huc.
663 928 740 967 Sed
757 929 843 980 quis
853 928 948 978 haec,
968 941 1056 980 quae
1072 940 1135 965 me
1153 927 1221 965 ad-

266 994 421 1019 vorsum
439 981 602 1019 incedit.
592 984 610 1008 '³

110 1035 228 1085 Soph.
258 1035 462 1085 Paegnium
480 1035 542 1073 hic
560 1034 715 1086 quidem
734 1042 801 1073 est.

296 1090 409 1137 Poeg.
438 1088 720 1138 Sophoclidisca
737 1088 818 1127 haec
833 1088 1032 1140 peculiaris
1049 1095 1105 1127 est
1123 1089 1218 1138 ejus,

108 1139 200 1188 Quo
218 1153 288 1191 ego
306 1154 393 1180 sum
411 1142 562 1180 missus.

359 1196 476 1245 Soph.
505 1195 651 1232 Nullus
669 1207 747 1233 esse
763 1195 876 1234 hodie
890 1195 963 1234 hoc
980 1207 1098 1247 puero
1116 1195 1223 1246 pejor

466 1248 696 1300 perhibetur.
1166 1250 1220 1286 20

110 1301 374 1352 Compellabo.

161 1357 278 1405 Paeg.
307 1355 633 1394 Commorandum
645 1355 694 1396 'st
710 1355 807 1394 mihi
824 1355 928 1407 apud
945 1355 1044 1394 hanc
1061 1355 1221 1394 obicem.

107 1410 223 1459 Soph.
253 1409 470 1459 Paegnium,
499 1409 643 1447 deliciae
668 1409 791 1460 pueri,
818 1410 919 1448 salve
934 1409 944 1446 !
984 1409 1078 1460 quid
1105 1408 1185 1459 agis
1201 1411 1220 1447 ?

267 1470 311 1500 ut
330 1462 431 1501 valae
444 1465 462 1500 ἓ

107 1517 224 1566 Paeg.
252 1515 545 1566 Sophoclidisca,
565 1515 634 1554 Dii
652 1528 714 1554 me
731 1517 927 1554 amabunt.

448 1571 566 1620 Soplz.
595 1569 703 1618 Quid
721 1571 814 1607 me?
843 1577 973 1607 utrum
987 1571 1005 1608 ?

762 1625 878 1672 Paeg.
906 1623 1060 1669 Hercle,
1083 1623 1220 1661 nescio.

110 1676 200 1724 Sed,
213 1676 259 1724 si,
274 1684 318 1714 ut
329 1677 445 1727 digna
463 1689 517 1724 es,
533 1676 687 1725 faciant,
703 1676 789 1715 odio
806 1678 821 1727 (
835 1675 978 1726 hercle)
994 1675 1172 1726 habeant,
1184 1684 1221 1714 et

269 1729 409 1767 faciant
422 1731 534 1768 male.

114 1783 232 1833 Soph.
261 1782 379 1820 Mitte
396 1784 496 1821 male
513 1783 632 1834 loqui.

323 1838 430 1885 Paeg.
459 1836 605 1885 Quom,
626 1845 670 1876 ut
687 1837 804 1889 digna
820 1850 871 1885 es,
893 1836 992 1885 dieo,
1012 1838 1122 1886 bene,
1142 1849 1220 1874 non

429 1889 543 1937 male,
561 1891 711 1941 loquor.
1165 1892 1217 1927 25

111 1943 224 1994 δορὴ.
253 1941 361 1989 Quid
378 1942 460 1992 agis
474 1944 492 1980 ?

298 1997 405 2044 Poeg.
431 1995 632 2034 Feminam
650 1997 843 2036 seelestam
863 2006 901 2036 te
918 1997 1069 2036 adstans
1088 2004 1217 2034 contra

405 2056 574 2086 contuor.

112 2104 230 2155 Soph.
251 2103 361 2142 Certe
379 2102 556 2153 equidem
573 2116 736 2155 puerum
754 2105 936 2155 pejorem,
951 2116 1068 2155 quam
1083 2110 1134 2151 te,
1154 2114 1224 2141 no-

272 2155 311 2194 vi
329 2155 532 2195 neminem.
