1435 2400
221 100 300 138 332
608 96 805 136 PERSA.
833 93 892 133 ΙΙ.
918 95 955 131 4.

218 206 282 244 Ne
307 204 378 243 sibi
402 216 464 242 me
491 203 616 242 credat
641 203 851 254 supplicem
876 201 966 239 fore.
1020 199 1092 238 Vae
1119 198 1200 236 ini!
1231 198 1327 236 mihi

374 258 455 307 jam
475 258 530 295 nil
548 257 636 295 novi
1278 252 1328 289 18

217 311 357 351 Offerri
375 318 512 362 potest,
531 311 624 362 quin
639 311 709 348 sim
729 309 884 360 peritus.
926 307 1001 346 Sed
1015 306 1147 345 Toxili
1164 317 1327 357 puerum

380 364 580 416 Paegnium
600 376 743 403 eccum.

461 517 647 557 ACTUS
676 517 737 556 11.
792 516 979 556 SCENA
1008 514 1083 554 IV.

478 624 727 662 Pfficmum.
772 624 1074 663 SAGAmsTm.

219 732 331 780 Paeg.
351 730 520 768 Pensum
535 743 680 777 meum,
701 731 804 782 quod
814 730 948 768 datum
963 729 1024 777 ’st,
1039 727 1203 767 confeci:
1225 738 1328 766 nunc

377 796 535 835 propero
553 784 725 822 domum.

753 840 848 886 Sag.
877 837 1024 882 Manex,
1054 835 1123 873 etsi

221 892 423 941 Properas,
442 890 658 940 Paegnium,
678 890 860 928 ausculta.

356 945 462 994 Pcrg.
494 944 634 982 Emere
653 951 812 995 oportet,
834 955 950 994 quem
969 941 1039 980 tibi
1057 941 1207 980 obedire
1224 940 1330 980 velis.

223 1001 316 1048 Sag.
344 999 402 1035 At
421 1007 489 1036 sta.

437 1054 540 1100 szg.
569 1051 762 1089 Exhibeas
787 1049 999 1089 molestiam
1023 1051 1084 1092 (ut
1108 1048 1273 1100 opinor),
1299 1047 1332 1085 si

539 1104 632 1155 quid
657 1104 828 1151 debeam,

224 1159 305 1207 Qui
324 1170 425 1196 nunc
443 1159 496 1196 sic
515 1166 593 1196 tam
613 1171 651 1196 es
669 1159 863 1196 molestus.

681 1214 775 1261 Sag.
805 1211 1003 1257 Scelerate,
1019 1208 1133 1247 etiam
1150 1208 1331 1258 respicis?

224 1268 337 1318 Paeg.
365 1266 451 1305 Scio
469 1277 553 1315 ege,
575 1265 668 1316 quid
695 1265 767 1303 sim
796 1265 939 1311 aetatis;
968 1275 1012 1302 eo
1036 1263 1132 1301 istuc
1155 1261 1335 1300 maledic-

383 1327 467 1358 tum
486 1319 644 1369 impune
662 1318 819 1356 auferes.
1307 1315 1333 1352 5

223 1376 318 1423 Sag.
345 1374 426 1412 Ubi
446 1373 611 1410 Toxilus
629 1380 683 1410 est
701 1380 790 1410 tuus
807 1371 920 1409 herus
935 1371 953 1408 ?

502 1427 618 1475 Paeg.
647 1425 726 1463 Ubi
743 1425 801 1462 ini
816 1426 932 1463 libet:
962 1435 1085 1474 neque
1101 1430 1138 1461 te
1156 1421 1336 1460 consulit.

223 1482 320 1530 Sag-0
342 1480 523 1518 Etiamne
541 1479 647 1526 dicis,
667 1478 735 1516 ubi
753 1479 814 1525 sit,
834 1478 997 1516 venefice
1009 1479 1027 1516 Ρ

542 1535 655 1582 Paeg.
684 1533 725 1570 N
728 1532 838 1581 eseio,
857 1531 1036 1583 inquam,
1056 1528 1256 1568 ulmitriba
1272 1535 1328 1566 tu.

225 1589 319 1637 Sag.
348 1586 549 1626 Maledicis
567 1586 703 1635 majori
716 1585 734 1622 Ρ

587 1642 702 1688 Paeg.
728 1638 838 1676 Prior
855 1637 1094 1689 promeritus,
1113 1635 1334 1688 perpetiare.

225 1695 383 1733 Servam
411 1705 579 1743 operam,
605 1692 779 1743 linguam
802 1692 976 1739 liberam,
997 1691 1111 1729 herus
1134 1702 1199 1727 me
1219 1688 1333 1739 jussit

383 1746 534 1784 habere.

225 1802 318 1852 Sag.
343 1799 500 1838 Dicisne
519 1799 628 1846 mihi,
651 1798 719 1837 ubi
737 1798 784 1836 sit
802 1797 994 1836 Toxilus?

580 1854 693 1903 Paeg.
721 1852 834 1900 Dico,
854 1860 898 1890 ut
911 1858 1092 1904 perpetuo
1109 1862 1252 1902 pereas.
1287 1849 1337 1888 10

225 1910 317 1957 Sag.
345 1906 500 1945 Caedere
517 1906 630 1944 hodie
647 1914 690 1944 tu
708 1906 880 1944 restibus.

583 1962 691 2010 Poeg.
725 1959 816 1997 Tua
834 1958 1004 2011 quidem,
1023 1957 1169 2005 oucule,
1188 1955 1303 1995 causa
1316 1958 1335 1994 ἓ

225 2016 318 2053 Non
336 2012 523 2066 (hercle),
544 2014 575 2053 si
592 2027 633 2052 os
651 2012 873 2065 perciderim
891 2012 976 2061 tibi,
997 2019 1183 2059 metuam,
1202 2009 1338 2047 morti-

387 2079 481 2106 eme.

228 2124 324 2172 Sag.
351 2120 477 2161 Video
494 2134 563 2171 ego
582 2128 642 2159 te:
669 2122 752 2170 jam
769 2119 1000 2160 incubitatus
1018 2132 1068 2158 es.

509 2177 621 2225 Paeg.
651 2175 715 2215 Ita
733 2187 844 2214 sum:
875 2173 969 2226 quid
986 2172 1027 2211 id
1038 2171 1177 2212 attinet
1194 2170 1244 2211 ad
1262 2176 1300 2209 te
1314 2171 1332 2207 ?
