<?xml version="1.0" encoding="UTF-8"?>
<!DOCTYPE html PUBLIC "-//W3C//DTD XHTML 1.0 Transitional//EN"
    "http://www.w3.org/TR/xhtml1/DTD/xhtml1-transitional.dtd">
<html xmlns="http://www.w3.org/1999/xhtml" xml:lang="en" lang="en">
 <head>
  <title>
</title>
<meta http-equiv="Content-Type" content="text/html;charset=utf-8" />
  <meta name='ocr-system' content='tesseract 3.04.00' />
  <meta name='ocr-capabilities' content='ocr_page ocr_carea ocr_par ocr_line ocrx_word'/>
</head>
<body>
  <div class='ocr_page' id='page_1' title='image "./comoediaesupers02plauuoft_0061.png"; bbox 0 0 1435 2400; ppageno 0'>
   <div class='ocr_carea' id='block_1_1' title="bbox 474 73 1252 112">
    <p class='ocr_par' dir='ltr' id='par_1_1' title="bbox 474 73 1252 112">
     <span class='ocr_line' id='line_1_1' title="bbox 474 73 1252 112; baseline 0 0"><span class='ocrx_word' id='word_1_1' title='bbox 474 73 755 112; x_wconf 91' lang='lat' dir='ltr'><strong>EPIDICUS.</strong></span> <span class='ocrx_word' id='word_1_2' title='bbox 787 73 844 110; x_wconf 87' lang='grc' dir='ltr'><strong>ΙΙ.</strong></span> <span class='ocrx_word' id='word_1_3' title='bbox 875 75 916 110; x_wconf 80' lang='grc'><strong>2.</strong></span> <span class='ocrx_word' id='word_1_4' title='bbox 1201 76 1252 112; x_wconf 86' lang='grc'><strong>53</strong></span> 
     </span>
    </p>
   </div>
   <div class='ocr_carea' id='block_1_2' title="bbox 136 179 1254 1457">
    <p class='ocr_par' dir='ltr' id='par_1_2' title="bbox 136 179 1254 1457">
     <span class='ocr_line' id='line_1_2' title="bbox 137 179 1211 230; baseline 0.001 -13"><span class='ocrx_word' id='word_1_5' title='bbox 137 179 382 230; x_wconf 83' lang='lat' dir='ltr'><strong>Intusiatam‚</strong></span> <span class='ocrx_word' id='word_1_6' title='bbox 399 179 645 230; x_wconf 80' lang='lat' dir='ltr'><strong>patagiatam‚</strong></span> <span class='ocrx_word' id='word_1_7' title='bbox 666 179 861 227; x_wconf 78' lang='lat' dir='ltr'><strong>caltulam,</strong></span> <span class='ocrx_word' id='word_1_8' title='bbox 882 188 949 217; x_wconf 86' lang='lat' dir='ltr'><strong>aut</strong></span> <span class='ocrx_word' id='word_1_9' title='bbox 967 181 1211 227; x_wconf 70' lang='lat' dir='ltr'><strong>mentulam,</strong></span> 
     </span>
     <span class='ocr_line' id='line_1_3' title="bbox 136 232 1249 284; baseline 0 -13"><span class='ocrx_word' id='word_1_10' title='bbox 136 234 357 284; x_wconf 86' lang='lat' dir='ltr'>Supparum</span> <span class='ocrx_word' id='word_1_11' title='bbox 386 240 453 270; x_wconf 92' lang='lat' dir='ltr'><strong>aut</strong></span> <span class='ocrx_word' id='word_1_12' title='bbox 484 232 735 280; x_wconf 87' lang='lat' dir='ltr'><strong>subnimium,</strong></span> <span class='ocrx_word' id='word_1_13' title='bbox 766 232 898 280; x_wconf 85' lang='lat' dir='ltr'><strong>ricam,</strong></span> <span class='ocrx_word' id='word_1_14' title='bbox 930 233 1145 281; x_wconf 77' lang='lat' dir='ltr'><strong>basilicum,</strong></span> <span class='ocrx_word' id='word_1_15' title='bbox 1182 242 1249 271; x_wconf 87' lang='lat' dir='ltr'><strong>aut</strong></span> 
     </span>
     <span class='ocr_line' id='line_1_4' title="bbox 295 285 1246 334; baseline 0 -10"><span class='ocrx_word' id='word_1_16' title='bbox 295 285 502 334; x_wconf 80' lang='lat' dir='ltr'><strong>exoticam,</strong></span> <span class='ocrx_word' id='word_1_17' title='bbox 1193 288 1246 324; x_wconf 86' lang='grc'><strong>48</strong></span> 
     </span>
     <span class='ocr_line' id='line_1_5' title="bbox 137 337 1247 390; baseline 0 -13"><span class='ocrx_word' id='word_1_18' title='bbox 137 339 328 378; x_wconf 89' lang='lat' dir='ltr'><strong>Cumatile</strong></span> <span class='ocrx_word' id='word_1_19' title='bbox 341 346 408 376; x_wconf 90' lang='lat' dir='ltr'><strong>aut</strong></span> <span class='ocrx_word' id='word_1_20' title='bbox 420 337 634 390; x_wconf 84' lang='lat' dir='ltr'><strong>plumatile,</strong></span> <span class='ocrx_word' id='word_1_21' title='bbox 654 338 823 377; x_wconf 89' lang='lat' dir='ltr'><strong>cerinum</strong></span> <span class='ocrx_word' id='word_1_22' title='bbox 837 347 904 378; x_wconf 88' lang='lat' dir='ltr'><strong>aut</strong></span> <span class='ocrx_word' id='word_1_23' title='bbox 921 338 1131 377; x_wconf 84' lang='lat' dir='ltr'><strong>melinum:</strong></span> <span class='ocrx_word' id='word_1_24' title='bbox 1162 353 1247 390; x_wconf 88' lang='lat' dir='ltr'><strong>ger-</strong></span> 
     </span>
     <span class='ocr_line' id='line_1_6' title="bbox 294 392 580 430; baseline -0.003 0"><span class='ocrx_word' id='word_1_25' title='bbox 294 405 345 430; x_wconf 87' lang='lat' dir='ltr'><strong>rae</strong></span> <span class='ocrx_word' id='word_1_26' title='bbox 362 405 556 430; x_wconf 81' lang='lat' dir='ltr'>maxumae</span> <span class='ocrx_word' id='word_1_27' title='bbox 571 392 580 429; x_wconf 90' lang='lat'><strong>!</strong></span> 
     </span>
     <span class='ocr_line' id='line_1_7' title="bbox 137 444 982 498; baseline -0.004 -13"><span class='ocrx_word' id='word_1_28' title='bbox 137 446 234 486; x_wconf 86' lang='lat' dir='ltr'><strong>cani</strong></span> <span class='ocrx_word' id='word_1_29' title='bbox 252 458 403 498; x_wconf 91' lang='lat' dir='ltr'>quoque</span> <span class='ocrx_word' id='word_1_30' title='bbox 421 446 535 483; x_wconf 86' lang='lat' dir='ltr'><strong>etiam</strong></span> <span class='ocrx_word' id='word_1_31' title='bbox 554 444 751 484; x_wconf 86' lang='lat' dir='ltr'><strong>ademtum</strong></span> <span class='ocrx_word' id='word_1_32' title='bbox 763 446 811 484; x_wconf 90' lang='lat' dir='ltr'><strong>&#39;st</strong></span> <span class='ocrx_word' id='word_1_33' title='bbox 829 458 982 484; x_wconf 92' lang='lat' dir='ltr'><strong>nomen.</strong></span> 
     </span>
     <span class='ocr_line' id='line_1_8' title="bbox 403 498 674 549; baseline 0 -13"><span class='ocrx_word' id='word_1_34' title='bbox 403 500 525 549; x_wconf 71' lang='lat' dir='ltr'><strong>Epid.</strong></span> <span class='ocrx_word' id='word_1_35' title='bbox 554 498 638 545; x_wconf 74' lang='lat' dir='ltr'><strong>Qui</strong></span> <span class='ocrx_word' id='word_1_36' title='bbox 657 501 674 536; x_wconf 74' lang='lat'><strong>.⁹</strong></span> 
     </span>
     <span class='ocr_line' id='line_1_9' title="bbox 551 551 1246 601; baseline 0.001 -11"><span class='ocrx_word' id='word_1_37' title='bbox 551 552 716 601; x_wconf 76' lang='lat' dir='ltr'><strong>Periph.</strong></span> <span class='ocrx_word' id='word_1_38' title='bbox 745 551 896 591; x_wconf 81' lang='lat' dir='ltr'>Vocant</span> <span class='ocrx_word' id='word_1_39' title='bbox 915 552 1161 591; x_wconf 82' lang='lat' dir='ltr'><strong>Laconicum.</strong></span> <span class='ocrx_word' id='word_1_40' title='bbox 1195 555 1246 592; x_wconf 90' lang='grc'><strong>50</strong></span> 
     </span>
     <span class='ocr_line' id='line_1_10' title="bbox 138 605 1163 656; baseline 0 -11"><span class='ocrx_word' id='word_1_41' title='bbox 138 607 235 645; x_wconf 84' lang='lat' dir='ltr'><strong>Haec</strong></span> <span class='ocrx_word' id='word_1_42' title='bbox 252 607 434 645; x_wconf 83' lang='lat' dir='ltr'><strong>vocabula</strong></span> <span class='ocrx_word' id='word_1_43' title='bbox 451 605 641 644; x_wconf 47' lang='lat' dir='ltr'><strong>auctiones</strong></span> <span class='ocrx_word' id='word_1_44' title='bbox 659 605 845 656; x_wconf 86' lang='lat' dir='ltr'><strong>subigunt</strong></span> <span class='ocrx_word' id='word_1_45' title='bbox 861 613 906 643; x_wconf 93' lang='lat' dir='ltr'><strong>ut</strong></span> <span class='ocrx_word' id='word_1_46' title='bbox 922 605 1062 644; x_wconf 78' lang='lat' dir='ltr'><strong>faciant</strong></span> <span class='ocrx_word' id='word_1_47' title='bbox 1081 605 1163 645; x_wconf 84' lang='lat' dir='ltr'><strong>viri.</strong></span> 
     </span>
     <span class='ocr_line' id='line_1_11' title="bbox 137 659 773 711; baseline -0.003 -13"><span class='ocrx_word' id='word_1_48' title='bbox 137 660 245 708; x_wconf 87' lang='lat' dir='ltr'><strong>Quin</strong></span> <span class='ocrx_word' id='word_1_49' title='bbox 264 668 318 704; x_wconf 87' lang='lat' dir='ltr'><strong>tu,</strong></span> <span class='ocrx_word' id='word_1_50' title='bbox 338 668 383 698; x_wconf 86' lang='lat' dir='ltr'><strong>ut</strong></span> <span class='ocrx_word' id='word_1_51' title='bbox 400 659 587 711; x_wconf 84' lang='lat' dir='ltr'><strong>occepisti,</strong></span> <span class='ocrx_word' id='word_1_52' title='bbox 607 659 773 710; x_wconf 85' lang='lat' dir='ltr'><strong>loquere.</strong></span> 
     </span>
     <span class='ocr_line' id='line_1_12' title="bbox 608 711 1247 764; baseline 0.002 -15"><span class='ocrx_word' id='word_1_53' title='bbox 608 713 728 762; x_wconf 71' lang='lat' dir='ltr'><em>Epid.</em></span> <span class='ocrx_word' id='word_1_54' title='bbox 760 711 953 764; x_wconf 63' lang='lat' dir='ltr'><strong>Occepere</strong></span> <span class='ocrx_word' id='word_1_55' title='bbox 970 713 1054 751; x_wconf 78' lang='lat' dir='ltr'><strong>aliae</strong></span> <span class='ocrx_word' id='word_1_56' title='bbox 1071 713 1247 751; x_wconf 85' lang='lat' dir='ltr'><strong>mulieres</strong></span> 
     </span>
     <span class='ocr_line' id='line_1_13' title="bbox 137 765 1250 818; baseline 0 -14"><span class='ocrx_word' id='word_1_57' title='bbox 137 766 240 804; x_wconf 80' lang='lat' dir='ltr'><strong>Duae</strong></span> <span class='ocrx_word' id='word_1_58' title='bbox 266 774 351 818; x_wconf 87' lang='lat' dir='ltr'><strong>post</strong></span> <span class='ocrx_word' id='word_1_59' title='bbox 378 780 440 805; x_wconf 91' lang='lat' dir='ltr'><strong>me</strong></span> <span class='ocrx_word' id='word_1_60' title='bbox 468 766 521 805; x_wconf 89' lang='lat' dir='ltr'><strong>sic</strong></span> <span class='ocrx_word' id='word_1_61' title='bbox 542 765 705 804; x_wconf 84' lang='lat' dir='ltr'><strong>fabulari</strong></span> <span class='ocrx_word' id='word_1_62' title='bbox 729 766 827 804; x_wconf 90' lang='lat' dir='ltr'><strong>inter</strong></span> <span class='ocrx_word' id='word_1_63' title='bbox 850 779 952 805; x_wconf 90' lang='lat' dir='ltr'><strong>sese:</strong></span> <span class='ocrx_word' id='word_1_64' title='bbox 997 779 1067 817; x_wconf 88' lang='lat' dir='ltr'><strong>ego</strong></span> <span class='ocrx_word' id='word_1_65' title='bbox 1090 767 1250 805; x_wconf 84' lang='lat' dir='ltr'>abscessi</span> 
     </span>
     <span class='ocr_line' id='line_1_14' title="bbox 297 821 419 859; baseline 0.008 -1"><span class='ocrx_word' id='word_1_66' title='bbox 297 821 419 859; x_wconf 89' lang='lat' dir='ltr'>solens</span> 
     </span>
     <span class='ocr_line' id='line_1_15' title="bbox 138 872 1250 912; baseline 0 -1"><span class='ocrx_word' id='word_1_67' title='bbox 138 873 303 912; x_wconf 88' lang='lat' dir='ltr'>Paulum</span> <span class='ocrx_word' id='word_1_68' title='bbox 327 876 375 912; x_wconf 91' lang='lat' dir='ltr'><strong>ab</strong></span> <span class='ocrx_word' id='word_1_69' title='bbox 399 873 498 912; x_wconf 81' lang='lat' dir='ltr'><strong>mis:</strong></span> <span class='ocrx_word' id='word_1_70' title='bbox 529 873 817 911; x_wconf 81' lang='lat' dir='ltr'>dissimulabam</span> <span class='ocrx_word' id='word_1_71' title='bbox 841 885 904 911; x_wconf 90' lang='lat' dir='ltr'><strong>me</strong></span> <span class='ocrx_word' id='word_1_72' title='bbox 925 872 1064 911; x_wconf 85' lang='lat' dir='ltr'>harum</span> <span class='ocrx_word' id='word_1_73' title='bbox 1086 873 1250 911; x_wconf 87' lang='lat' dir='ltr'><strong>sermoni</strong></span> 
     </span>
     <span class='ocr_line' id='line_1_16' title="bbox 294 926 1247 978; baseline 0 -14"><span class='ocrx_word' id='word_1_74' title='bbox 294 939 448 978; x_wconf 86' lang='lat' dir='ltr'>operam</span> <span class='ocrx_word' id='word_1_75' title='bbox 469 926 570 964; x_wconf 75' lang='lat' dir='ltr'><strong>dare.</strong></span> <span class='ocrx_word' id='word_1_76' title='bbox 1195 928 1247 964; x_wconf 84' lang='lat'><strong>54</strong></span> 
     </span>
     <span class='ocr_line' id='line_1_17' title="bbox 137 979 1249 1028; baseline 0 -11"><span class='ocrx_word' id='word_1_77' title='bbox 137 979 222 1018; x_wconf 85' lang='lat' dir='ltr'><strong>Nec</strong></span> <span class='ocrx_word' id='word_1_78' title='bbox 241 980 329 1017; x_wconf 80' lang='lat' dir='ltr'><strong>satis</strong></span> <span class='ocrx_word' id='word_1_79' title='bbox 348 979 613 1028; x_wconf 84' lang='lat' dir='ltr'><strong>exaudiebam‚</strong></span> <span class='ocrx_word' id='word_1_80' title='bbox 633 991 704 1018; x_wconf 88' lang='lat' dir='ltr'><strong>nec</strong></span> <span class='ocrx_word' id='word_1_81' title='bbox 729 980 912 1019; x_wconf 89' lang='lat' dir='ltr'><strong>sermonis</strong></span> <span class='ocrx_word' id='word_1_82' title='bbox 929 979 1088 1019; x_wconf 80' lang='lat' dir='ltr'><strong>fallebar</strong></span> <span class='ocrx_word' id='word_1_83' title='bbox 1106 987 1249 1028; x_wconf 82' lang='lat' dir='ltr'><strong>tamen,</strong></span> 
     </span>
     <span class='ocr_line' id='line_1_18' title="bbox 138 1032 509 1084; baseline 0 -14"><span class='ocrx_word' id='word_1_84' title='bbox 138 1032 238 1080; x_wconf 88' lang='lat' dir='ltr'><strong>Quae</strong></span> <span class='ocrx_word' id='word_1_85' title='bbox 253 1032 509 1084; x_wconf 73' lang='lat' dir='ltr'>loquerentur.</span> 
     </span>
     <span class='ocr_line' id='line_1_19' title="bbox 338 1085 922 1137; baseline 0 -13"><span class='ocrx_word' id='word_1_86' title='bbox 338 1088 498 1137; x_wconf 79' lang='lat' dir='ltr'><strong>Periph.</strong></span> <span class='ocrx_word' id='word_1_87' title='bbox 527 1085 577 1123; x_wconf 81' lang='lat' dir='ltr'><strong>Id</strong></span> <span class='ocrx_word' id='word_1_88' title='bbox 592 1085 724 1124; x_wconf 86' lang='lat' dir='ltr'>lubido</span> <span class='ocrx_word' id='word_1_89' title='bbox 743 1094 799 1124; x_wconf 57' lang='lat' dir='ltr'><strong>&amp;st</strong></span> <span class='ocrx_word' id='word_1_90' title='bbox 818 1086 922 1124; x_wconf 81' lang='lat' dir='ltr'><strong>scire.</strong></span> 
     </span>
     <span class='ocr_line' id='line_1_20' title="bbox 725 1138 1252 1188; baseline 0.004 -12"><span class='ocrx_word' id='word_1_91' title='bbox 725 1140 846 1188; x_wconf 71' lang='lat' dir='ltr'><em>Epid.</em></span> <span class='ocrx_word' id='word_1_92' title='bbox 880 1138 944 1178; x_wconf 92' lang='lat' dir='ltr'><strong>Ibi</strong></span> <span class='ocrx_word' id='word_1_93' title='bbox 961 1139 1116 1178; x_wconf 78' lang='lat' dir='ltr'><strong>illarum</strong></span> <span class='ocrx_word' id='word_1_94' title='bbox 1135 1140 1252 1178; x_wconf 79' lang='lat' dir='ltr'><strong>altera</strong></span> 
     </span>
     <span class='ocr_line' id='line_1_21' title="bbox 141 1192 837 1244; baseline 0.001 -14"><span class='ocrx_word' id='word_1_95' title='bbox 141 1192 254 1230; x_wconf 83' lang='lat' dir='ltr'>Dixit</span> <span class='ocrx_word' id='word_1_96' title='bbox 270 1192 340 1241; x_wconf 79' lang='lat' dir='ltr'><strong>ini,</strong></span> <span class='ocrx_word' id='word_1_97' title='bbox 362 1193 521 1244; x_wconf 77' lang='lat' dir='ltr'><strong>quicum</strong></span> <span class='ocrx_word' id='word_1_98' title='bbox 539 1192 621 1243; x_wconf 87' lang='lat' dir='ltr'><strong>ipsa</strong></span> <span class='ocrx_word' id='word_1_99' title='bbox 638 1192 717 1229; x_wconf 88' lang='lat' dir='ltr'><strong>ibat</strong></span> <span class='ocrx_word' id='word_1_100' title='bbox 735 1220 745 1230; x_wconf 91' lang='lat'><strong>.</strong></span> <span class='ocrx_word' id='word_1_101' title='bbox 767 1220 777 1230; x_wconf 93' lang='lat'><strong>.</strong></span> <span class='ocrx_word' id='word_1_102' title='bbox 797 1220 808 1230; x_wconf 93' lang='lat'>.</span> <span class='ocrx_word' id='word_1_103' title='bbox 825 1219 837 1231; x_wconf 89' lang='grc'><strong>.</strong></span> 
     </span>
     <span class='ocr_line' id='line_1_22' title="bbox 457 1245 788 1296; baseline -0.006 -12"><span class='ocrx_word' id='word_1_104' title='bbox 457 1246 620 1296; x_wconf 74' lang='lat' dir='ltr'><strong>Periplz.</strong></span> <span class='ocrx_word' id='word_1_105' title='bbox 649 1245 788 1292; x_wconf 84' lang='lat' dir='ltr'><strong>Quid?</strong></span> 
     </span>
     <span class='ocr_line' id='line_1_23' title="bbox 647 1299 1254 1350; baseline 0.005 -14"><span class='ocrx_word' id='word_1_106' title='bbox 647 1300 769 1348; x_wconf 81' lang='lat' dir='ltr'><em>Epid.</em></span> <span class='ocrx_word' id='word_1_107' title='bbox 800 1299 902 1337; x_wconf 84' lang='lat' dir='ltr'>Tace</span> <span class='ocrx_word' id='word_1_108' title='bbox 920 1311 1022 1350; x_wconf 86' lang='lat' dir='ltr'><strong>ergo,</strong></span> <span class='ocrx_word' id='word_1_109' title='bbox 1043 1306 1088 1337; x_wconf 93' lang='lat' dir='ltr'><strong>ut</strong></span> <span class='ocrx_word' id='word_1_110' title='bbox 1106 1299 1254 1339; x_wconf 65' lang='lat' dir='ltr'><strong>audias.</strong></span> 
     </span>
     <span class='ocr_line' id='line_1_24' title="bbox 141 1352 1252 1405; baseline 0 -13"><span class='ocrx_word' id='word_1_111' title='bbox 141 1354 350 1405; x_wconf 82' lang='lat' dir='ltr'>Postquam</span> <span class='ocrx_word' id='word_1_112' title='bbox 367 1352 476 1391; x_wconf 79' lang='lat' dir='ltr'><strong>illam</strong></span> <span class='ocrx_word' id='word_1_113' title='bbox 494 1358 584 1390; x_wconf 88' lang='lat' dir='ltr'><strong>sunt</strong></span> <span class='ocrx_word' id='word_1_114' title='bbox 600 1352 836 1403; x_wconf 57' lang='lat' dir='ltr'><strong>conspicatae,</strong></span> <span class='ocrx_word' id='word_1_115' title='bbox 859 1365 977 1403; x_wconf 87' lang='lat' dir='ltr'>quam</span> <span class='ocrx_word' id='word_1_116' title='bbox 1000 1360 1088 1390; x_wconf 87' lang='lat' dir='ltr'><strong>tuus</strong></span> <span class='ocrx_word' id='word_1_117' title='bbox 1113 1361 1252 1403; x_wconf 83' lang='lat' dir='ltr'>gnatus</span> 
     </span>
     <span class='ocr_line' id='line_1_25' title="bbox 297 1406 456 1457; baseline 0 -13"><span class='ocrx_word' id='word_1_118' title='bbox 297 1406 456 1457; x_wconf 78' lang='lat' dir='ltr'><strong>deperit,</strong></span> 
     </span>
    </p>
   </div>
   <div class='ocr_carea' id='block_1_3' title="bbox 141 1458 1252 1671">
    <p class='ocr_par' dir='ltr' id='par_1_3' title="bbox 141 1458 1252 1671">
     <span class='ocr_line' id='line_1_26' title="bbox 141 1458 1250 1520; baseline 0 -22"><span class='ocrx_word' id='word_1_119' title='bbox 141 1462 169 1483; x_wconf 84' lang='lat'>“</span> <span class='ocrx_word' id='word_1_120' title='bbox 190 1460 320 1504; x_wconf 80' lang='lat' dir='ltr'>Quam</span> <span class='ocrx_word' id='word_1_121' title='bbox 338 1459 449 1520; x_wconf 76' lang='lat' dir='ltr'><strong>facile</strong></span> <span class='ocrx_word' id='word_1_122' title='bbox 466 1466 502 1498; x_wconf 83' lang='lat' dir='ltr'><strong>et</strong></span> <span class='ocrx_word' id='word_1_123' title='bbox 514 1471 632 1511; x_wconf 83' lang='lat' dir='ltr'>quam</span> <span class='ocrx_word' id='word_1_124' title='bbox 649 1458 840 1498; x_wconf 89' lang='lat' dir='ltr'><strong>fortunate</strong></span> <span class='ocrx_word' id='word_1_125' title='bbox 854 1458 978 1497; x_wconf 88' lang='lat' dir='ltr'><strong>evenit</strong></span> <span class='ocrx_word' id='word_1_126' title='bbox 990 1459 1048 1497; x_wconf 88' lang='lat' dir='ltr'><strong>illi</strong></span> <span class='ocrx_word' id='word_1_127' title='bbox 1058 1459 1250 1511; x_wconf 83' lang='lat' dir='ltr'>(obsecro)</span> 
     </span>
     <span class='ocr_line' id='line_1_27' title="bbox 141 1514 1252 1618; baseline -0.001 -13"><span class='ocrx_word' id='word_1_128' title='bbox 141 1514 539 1618; x_wconf 48' lang='lat' dir='ltr'><strong>Liberarznffl&#39;volt</strong></span> <span class='ocrx_word' id='word_1_129' title='bbox 556 1574 703 1605; x_wconf 84' lang='lat' dir='ltr'><strong>amator</strong></span> <span class='ocrx_word' id='word_1_130' title='bbox 719 1565 763 1604; x_wconf 87' lang='lat'><strong>!’&#39;</strong></span> <span class='ocrx_word' id='word_1_131' title='bbox 774 1589 828 1595; x_wconf 91' lang='grc'><strong>-</strong></span> <span class='ocrx_word' id='word_1_132' title='bbox 841 1568 868 1590; x_wconf 83' lang='grc'><strong>“</strong></span> <span class='ocrx_word' id='word_1_133' title='bbox 884 1565 1076 1614; x_wconf 80' lang='lat' dir='ltr'><strong>Quisnam</strong></span> <span class='ocrx_word' id='word_1_134' title='bbox 1089 1566 1122 1605; x_wconf 90' lang='lat' dir='ltr'><strong>is</strong></span> <span class='ocrx_word' id='word_1_135' title='bbox 1140 1574 1196 1605; x_wconf 67' lang='lat' dir='ltr'><strong>aet</strong></span> <span class='ocrx_word' id='word_1_136' title='bbox 1205 1567 1252 1603; x_wconf 81' lang='lat'><strong>&#39;?”</strong></span> 
     </span>
     <span class='ocr_line' id='line_1_28' title="bbox 297 1619 1251 1671; baseline 0.001 -13"><span class='ocrx_word' id='word_1_137' title='bbox 297 1620 424 1671; x_wconf 89' lang='lat' dir='ltr'><strong>inquit</strong></span> <span class='ocrx_word' id='word_1_138' title='bbox 441 1619 559 1658; x_wconf 71' lang='lat' dir='ltr'><strong>altera</strong></span> <span class='ocrx_word' id='word_1_139' title='bbox 1200 1621 1251 1659; x_wconf 89' lang='grc'><strong>60</strong></span> 
     </span>
    </p>
   </div>
   <div class='ocr_carea' id='block_1_4' title="bbox 141 1672 1254 2245">
    <p class='ocr_par' dir='ltr' id='par_1_4' title="bbox 141 1672 1254 2245">
     <span class='ocr_line' id='line_1_29' title="bbox 141 1672 1223 1724; baseline -0.001 -12"><span class='ocrx_word' id='word_1_140' title='bbox 141 1673 220 1712; x_wconf 87' lang='lat' dir='ltr'><strong>Illi.</strong></span> <span class='ocrx_word' id='word_1_141' title='bbox 259 1673 324 1711; x_wconf 91' lang='lat' dir='ltr'><strong>Ibi</strong></span> <span class='ocrx_word' id='word_1_142' title='bbox 341 1673 513 1712; x_wconf 83' lang='lat' dir='ltr'><strong>nominat</strong></span> <span class='ocrx_word' id='word_1_143' title='bbox 530 1672 822 1724; x_wconf 80' lang='lat' dir='ltr'><strong>Stratippoclem</strong></span> <span class='ocrx_word' id='word_1_144' title='bbox 840 1672 1067 1724; x_wconf 85' lang='lat' dir='ltr'><strong>Periphanae</strong></span> <span class='ocrx_word' id='word_1_145' title='bbox 1085 1673 1223 1711; x_wconf 89' lang='lat' dir='ltr'>filium.</span> 
     </span>
     <span class='ocr_line' id='line_1_30' title="bbox 937 1727 1251 1777; baseline 0 -12"><span class='ocrx_word' id='word_1_146' title='bbox 937 1728 1104 1777; x_wconf 75' lang='lat' dir='ltr'><strong>Periph.</strong></span> <span class='ocrx_word' id='word_1_147' title='bbox 1133 1727 1251 1775; x_wconf 89' lang='lat' dir='ltr'><strong>Perii,</strong></span> 
     </span>
     <span class='ocr_line' id='line_1_31' title="bbox 142 1779 818 1831; baseline -0.001 -13"><span class='ocrx_word' id='word_1_148' title='bbox 142 1779 305 1819; x_wconf 85' lang='lat' dir='ltr'><strong>Hercle!</strong></span> <span class='ocrx_word' id='word_1_149' title='bbox 339 1779 445 1825; x_wconf 80' lang='lat' dir='ltr'><strong>Quid</strong></span> <span class='ocrx_word' id='word_1_150' title='bbox 463 1792 532 1831; x_wconf 85' lang='lat' dir='ltr'><strong>ego</strong></span> <span class='ocrx_word' id='word_1_151' title='bbox 551 1792 599 1818; x_wconf 84' lang='lat' dir='ltr'><strong>ex</strong></span> <span class='ocrx_word' id='word_1_152' title='bbox 617 1786 655 1818; x_wconf 87' lang='lat' dir='ltr'><strong>te</strong></span> <span class='ocrx_word' id='word_1_153' title='bbox 673 1779 786 1818; x_wconf 85' lang='lat' dir='ltr'>audio</span> <span class='ocrx_word' id='word_1_154' title='bbox 800 1782 818 1818; x_wconf 71' lang='grc' dir='ltr'><strong><em>ἓ</em></strong></span> 
     </span>
     <span class='ocr_line' id='line_1_32' title="bbox 512 1833 1253 1885; baseline -0.001 -13"><span class='ocrx_word' id='word_1_155' title='bbox 512 1834 631 1884; x_wconf 74' lang='lat' dir='ltr'><strong>Epid.</strong></span> <span class='ocrx_word' id='word_1_156' title='bbox 661 1833 762 1881; x_wconf 87' lang='lat' dir='ltr'>Hoc,</span> <span class='ocrx_word' id='word_1_157' title='bbox 782 1833 885 1885; x_wconf 89' lang='lat' dir='ltr'>quod</span> <span class='ocrx_word' id='word_1_158' title='bbox 903 1841 1044 1872; x_wconf 88' lang='lat' dir='ltr'><strong>actum.</strong></span> <span class='ocrx_word' id='word_1_159' title='bbox 1085 1835 1253 1885; x_wconf 87' lang='lat' dir='ltr'><strong>Egomet</strong></span> 
     </span>
     <span class='ocr_line' id='line_1_33' title="bbox 617 1887 1194 1938; baseline 0.002 -14"><span class='ocrx_word' id='word_1_160' title='bbox 617 1894 718 1937; x_wconf 73' lang='lat' dir='ltr'><strong>post,</strong></span> <span class='ocrx_word' id='word_1_161' title='bbox 736 1888 805 1925; x_wconf 93' lang='lat' dir='ltr'><strong>ubi</strong></span> <span class='ocrx_word' id='word_1_162' title='bbox 822 1887 907 1926; x_wconf 79' lang='lat' dir='ltr'><strong>illas</strong></span> <span class='ocrx_word' id='word_1_163' title='bbox 925 1887 1056 1926; x_wconf 85' lang='lat' dir='ltr'><strong>audivi</strong></span> <span class='ocrx_word' id='word_1_164' title='bbox 1072 1888 1194 1938; x_wconf 82' lang='lat' dir='ltr'><strong>loqui,</strong></span> 
     </span>
     <span class='ocr_line' id='line_1_34' title="bbox 144 1939 1224 1991; baseline 0.004 -15"><span class='ocrx_word' id='word_1_165' title='bbox 144 1939 250 1990; x_wconf 83' lang='lat' dir='ltr'><strong>Coepi</strong></span> <span class='ocrx_word' id='word_1_166' title='bbox 264 1951 416 1977; x_wconf 81' lang='lat' dir='ltr'>rursum</span> <span class='ocrx_word' id='word_1_167' title='bbox 432 1952 586 1978; x_wconf 86' lang='lat' dir='ltr'>vorsum</span> <span class='ocrx_word' id='word_1_168' title='bbox 605 1939 654 1977; x_wconf 83' lang='lat' dir='ltr'><strong>ad</strong></span> <span class='ocrx_word' id='word_1_169' title='bbox 670 1940 756 1978; x_wconf 82' lang='lat' dir='ltr'><strong>illas</strong></span> <span class='ocrx_word' id='word_1_170' title='bbox 774 1941 1017 1991; x_wconf 76' lang='lat' dir='ltr'>pauxillatim</span> <span class='ocrx_word' id='word_1_171' title='bbox 1035 1941 1224 1990; x_wconf 78' lang='lat' dir='ltr'>accedere,</span> 
     </span>
     <span class='ocr_line' id='line_1_35' title="bbox 143 1992 1056 2041; baseline 0.002 -10"><span class='ocrx_word' id='word_1_172' title='bbox 143 1992 267 2041; x_wconf 83' lang='lat' dir='ltr'>Quasi</span> <span class='ocrx_word' id='word_1_173' title='bbox 283 1992 488 2031; x_wconf 80' lang='lat' dir='ltr'><strong>retruderet</strong></span> <span class='ocrx_word' id='word_1_174' title='bbox 504 1993 705 2031; x_wconf 89' lang='lat' dir='ltr'>hominum</span> <span class='ocrx_word' id='word_1_175' title='bbox 722 2007 786 2032; x_wconf 90' lang='lat' dir='ltr'><strong>me</strong></span> <span class='ocrx_word' id='word_1_176' title='bbox 804 1995 860 2033; x_wconf 83' lang='lat' dir='ltr'><strong>vis</strong></span> <span class='ocrx_word' id='word_1_177' title='bbox 877 1994 1056 2033; x_wconf 87' lang='lat' dir='ltr'><strong>invitum.</strong></span> 
     </span>
     <span class='ocr_line' id='line_1_36' title="bbox 864 2048 1251 2098; baseline -0.003 -12"><span class='ocrx_word' id='word_1_178' title='bbox 864 2049 1028 2097; x_wconf 76' lang='lat' dir='ltr'><strong>Periph.</strong></span> <span class='ocrx_word' id='word_1_179' title='bbox 1057 2048 1251 2098; x_wconf 87' lang='lat' dir='ltr'><strong>Intelligo.</strong></span> 
     </span>
     <span class='ocr_line' id='line_1_37' title="bbox 144 2097 1254 2152; baseline 0 -14"><span class='ocrx_word' id='word_1_180' title='bbox 144 2099 263 2151; x_wconf 73' lang='lat' dir='ltr'><strong>Epid.</strong></span> <span class='ocrx_word' id='word_1_181' title='bbox 291 2098 353 2137; x_wconf 90' lang='lat' dir='ltr'><strong>Ibi</strong></span> <span class='ocrx_word' id='word_1_182' title='bbox 370 2097 437 2135; x_wconf 80' lang='lat' dir='ltr'><strong>illa</strong></span> <span class='ocrx_word' id='word_1_183' title='bbox 454 2098 696 2151; x_wconf 84' lang='lat' dir='ltr'><strong>interrogavit</strong></span> <span class='ocrx_word' id='word_1_184' title='bbox 713 2101 844 2140; x_wconf 79' lang='lat' dir='ltr'>illam:</span> <span class='ocrx_word' id='word_1_185' title='bbox 877 2105 904 2125; x_wconf 86' lang='lat'>“</span> <span class='ocrx_word' id='word_1_186' title='bbox 926 2102 1008 2149; x_wconf 84' lang='lat' dir='ltr'><strong>Qui</strong></span> <span class='ocrx_word' id='word_1_187' title='bbox 1035 2101 1138 2140; x_wconf 79' lang='lat' dir='ltr'><strong>scis?</strong></span> <span class='ocrx_word' id='word_1_188' title='bbox 1168 2100 1254 2152; x_wconf 84' lang='lat' dir='ltr'><strong>quis</strong></span> 
     </span>
     <span class='ocr_line' id='line_1_38' title="bbox 298 2151 1251 2190; baseline 0.002 -2"><span class='ocrx_word' id='word_1_189' title='bbox 298 2152 338 2189; x_wconf 87' lang='lat' dir='ltr'><strong>id</strong></span> <span class='ocrx_word' id='word_1_190' title='bbox 355 2151 451 2189; x_wconf 82' lang='lat' dir='ltr'><strong>dixit</strong></span> <span class='ocrx_word' id='word_1_191' title='bbox 470 2151 538 2190; x_wconf 85' lang='lat' dir='ltr'><strong>tibi</strong></span> <span class='ocrx_word' id='word_1_192' title='bbox 552 2151 599 2190; x_wconf 81' lang='lat'><strong>?‘’</strong></span> <span class='ocrx_word' id='word_1_193' title='bbox 614 2176 663 2182; x_wconf 88' lang='lat'>—</span> <span class='ocrx_word' id='word_1_194' title='bbox 1200 2154 1251 2190; x_wconf 81' lang='lat'><strong>65</strong></span> 
     </span>
     <span class='ocr_line' id='line_1_39' title="bbox 1075 2207 1146 2245; baseline 0 -4"><span class='ocrx_word' id='word_1_195' title='bbox 1075 2219 1099 2245; x_wconf 75' lang='lat' dir='ltr'>r</span> <span class='ocrx_word' id='word_1_196' title='bbox 1122 2207 1146 2241; x_wconf 85' lang='lat'>3</span> 
     </span>
    </p>
   </div>
  </div>
 </body>
</html>
