1435 2400
254 88 333 126 340
628 87 824 128 PERSA.
852 87 930 127 1v.
956 88 996 127 2.

525 302 711 342 ACTUS
733 302 809 342 IV.
867 302 1052 342 SCENA
1073 302 1108 340 Ι.

701 410 926 448 Tomus.

254 516 294 553 Si
314 529 431 567 quam
449 529 529 555 rem
549 530 699 556 accures
718 516 840 555 sobrie
857 524 924 555 aut
942 515 1153 566 frugaliter,

253 570 356 607 Solet
375 570 441 608 illa
459 580 556 609 recte
575 573 645 609 sub
659 583 798 609 manus
817 569 1023 608 succedere.

250 623 384 673 Atque
404 624 591 675 (edepol),
610 624 729 662 ferme
743 631 786 661 ut
801 623 962 674 quisque
981 635 1060 661 rem
1075 627 1226 661 accurat
1239 635 1364 671 suam,

251 676 314 714 Sic
331 677 364 714 ei
384 678 590 727 procedunt
608 677 882 729 postprincipia
901 677 1078 728 denique.

250 729 292 766 Si
303 730 428 768 malus
442 739 508 769 aut
519 744 685 782 nequam
699 731 761 779 ’st,
776 731 876 768 male
890 743 947 768 res
961 737 1130 777 vortunt,
1143 742 1239 781 quas
1256 729 1337 781 agit
1351 743 1362 767 z

250 782 317 820 Sin
337 792 465 821 autem
484 785 587 835 frugi
598 785 658 831 'st,
678 784 857 822 eveniunt
875 783 1082 835 frugaliter.
1338 783 1364 821 6

249 835 364 874 Hanc
383 850 451 887 ego
467 850 547 876 rem
567 851 722 876 exorsus
740 849 826 876 sum
845 837 964 875 facete
982 844 1019 875 et
1037 836 1172 875 callide
1188 850 1200 874 2

250 889 377 939 Igitur
394 898 663 940 proventuram
681 892 778 929 bene
792 890 940 929 confido
958 889 1071 928 mihi.

249 943 290 980 N
293 956 367 981 unc
386 957 455 994 ego
473 945 650 983 lenonem
668 945 722 982 ita
738 944 850 982 hodie
868 943 1085 982 intricatum
1103 943 1215 993 dabo,

250 995 305 1034 Ut
324 997 428 1047 ipsus
448 1011 540 1046 sese,
561 998 640 1050 qua
659 1011 698 1037 se
715 997 905 1049 expediat,
924 997 1077 1035 nesciat.
1313 998 1361 1036 10

249 1050 468 1100 Sagaristio,
488 1052 583 1089 heus
599 1052 609 1089 !
643 1052 719 1099 exi,
740 1059 856 1102 atque
873 1050 990 1089 educe
1008 1049 1210 1101 virginem,

247 1103 301 1140 Et
319 1104 407 1142 istas
426 1105 597 1153 tabellas,
619 1118 714 1157 quas
732 1104 951 1155 consignavi
970 1104 1054 1151 tibi,

248 1157 356 1204 Quas
375 1166 417 1196 tu
436 1159 597 1197 attulisti
615 1161 664 1198 ab
682 1159 774 1197 hero
791 1171 878 1197 meo
891 1170 1014 1210 usque
1031 1170 1052 1196 e
1070 1156 1213 1197 Persia.

497 1372 684 1412 ACTUS
714 1373 790 1413 IV.
848 1371 1036 1412 SCENA
1063 1372 1124 1411 ΙΙ.

511 1480 815 1519 SAGAnls'no.
867 1481 1093 1519 ΤοΧιιυε.

245 1587 340 1636 Sag.
374 1586 580 1638 Numquid
597 1599 725 1625 moror
738 1589 756 1625 ,⁹

543 1643 640 1678 Tox.
667 1641 779 1691 Euge
794 1639 805 1676 !
836 1652 931 1691 euge
947 1639 957 1677 !
988 1639 1158 1678 ornatu's
1175 1638 1330 1679 basilice
1345 1640 1356 1678 ἱ

245 1691 363 1730 Tiara
380 1701 557 1731 ornatum
574 1694 700 1744 lepide
717 1692 939 1732 condecorat
956 1700 1081 1731 tuum.

243 1745 351 1783 Tum
377 1746 477 1784 hanc
503 1746 694 1798 hospitam
723 1754 853 1785 autem
881 1746 1075 1798 crepidula
1106 1753 1152 1785 ut
1178 1745 1360 1799 graphice

402 1800 532 1838 decet!

241 1852 318 1891 Sed
335 1852 461 1891 sati’n’
483 1853 571 1892 estis
589 1853 764 1892 meditati
777 1856 796 1892 ?
1199 1904 1202 1905 ⁷

761 1909 857 1957 Sag.
885 1906 1043 1958 Tragici
1061 1914 1098 1946 et
1114 1905 1251 1946 comici

240 1959 456 2011 Nunquam
469 1974 577 2013 aeque
595 1967 686 2000 sunt
703 1961 890 1999 meditati.

640 2017 737 2052 Tooe.
768 2015 916 2065 Lepide
932 2013 1105 2066 (hercle)
1125 2013 1298 2064 adJuvaS.
1327 2015 1353 2050 5
1430 2057 1435 2059 ‚

239 2068 335 2116 Sag.
362 2067 464 2118 Age,
480 2068 573 2106 illuc
590 2068 746 2107 abscede
764 2069 897 2118 procul
915 2081 936 2106 e
954 2074 1172 2119 conspectu,
1192 2074 1230 2106 et
1247 2074 1341 2106 tace·

237 2120 318 2159 Ubi
336 2134 424 2159 cum
441 2122 577 2160 lenone
595 2135 657 2160 me
677 2122 822 2161 videbis
839 2121 1021 2173 colloqui,

238 2173 285 2212 Id
306 2174 375 2213 erit
391 2175 556 2215 adeundi
574 2182 750 2226 tempus:
780 2187 883 2214 nunc
900 2176 1014 2226 agite,
1029 2174 1082 2213 ite
1100 2186 1180 2213 vos.
