1435 2400
443 88 724 128 EPIDICUS.
756 88 817 126 ΙΙ.
848 91 886 127 2.
1169 88 1216 126 51

454 195 575 245 Epid.
600 194 668 232 Dii
689 193 862 243 (hercle)
880 207 1010 233 omnes
1027 207 1090 233 me
1107 195 1218 244 adju-

549 255 653 295 vant,
673 255 829 298 augent,
849 256 991 285 amant.
1190 249 1215 285 8

106 298 192 351 Ipsi
207 298 249 337 hi
268 299 423 351 quidem
440 301 538 339 mihi
555 301 649 339 dant
666 301 782 349 viam,
803 313 880 352 quo
897 309 1008 352 pacto
1031 303 1079 340 ab
1098 315 1137 340 se
1155 314 1214 339 ar-

265 362 424 404 gentum
441 356 623 393 auferam.

103 405 207 457 Age,
227 417 329 445 nunc
342 409 425 456 jam
443 421 535 447 orna
553 417 604 457 te,
617 408 793 461 Epidice,
808 416 845 447 et
862 407 1090 460 palliolum
1080 419 1121 444 m
1140 408 1216 445 col-

265 459 348 498 lum
366 461 533 511 conjice,
1167 461 1215 498 10

102 512 264 564 Ita-que
291 515 524 563 assimulato,
550 516 660 567 quasi
684 529 751 568 per
780 518 914 555 urbem
946 522 1067 554 totam
1088 513 1213 551 homi-

263 579 352 605 nem
370 569 598 620 quaesiveris,

103 619 207 670 Age,
227 620 260 658 si
277 621 371 672 quid
388 622 480 673 agis.
523 622 592 660 Dii
617 623 876 662 immortales.
907 622 1056 661 utinam
1079 632 1214 659 conve-

265 675 368 712 niam
384 675 489 713 domi

102 725 381 778 Periphanem!
412 742 479 779 per
500 742 654 768 omnem
677 731 813 768 urbem
838 742 955 781 quem
980 741 1066 768 sum
1091 727 1214 766 defes-

261 794 326 819 sus
343 795 523 833 quaerere,

101 832 177 872 Per
203 834 422 884 medicinas,
451 850 519 887 per
549 836 764 885 tonstrinas,
795 835 836 874 in
859 835 1068 889 gymnasio,
1097 841 1213 925 atqu

259 888 301 925 in
313 888 407 938 foro,

92 940 182 978 >Per
197 942 424 993 myropolia,
444 950 481 981 et
499 943 682 991 lanienas,
701 943 921 995 circumque
938 942 1183 994 argentarias.

100 993 318 1044 Rogitando
339 1008 425 1033 sum
440 1009 576 1035 raucus
587 998 733 1036 factus.
755 1009 863 1049 paene
876 997 918 1035 in
931 1009 1044 1036 cursu
1056 995 1212 1035 concidi.

103 1048 268 1097 Periph.
295 1048 467 1099 Epidice.

261 1103 382 1151 Epid.
408 1102 617 1153 Epidicum
635 1104 721 1154 quis
739 1111 794 1142 aet
813 1104 881 1155 qui
898 1110 1046 1142 revocat
1061 1105 1079 1141 :³

562 1158 727 1206 Periph.
754 1156 842 1207 Ego
861 1165 948 1196 sum
966 1155 1211 1206 Periphanes.

101 1207 138 1243 A
136 1219 232 1257 poec.
255 1207 310 1245 Et
328 1221 396 1259 ego
415 1209 619 1260 Apoecides
638 1222 736 1248 sum.

302 1263 422 1312 Epid.
444 1263 499 1300 Et
518 1276 587 1313 ego
605 1263 761 1314 quidem
780 1275 866 1302 sum
884 1262 1084 1315 Epidicus.
1119 1263 1209 1311 Sed‚

419 1316 522 1362 here,
543 1317 703 1367 optuma

103 1367 180 1406 vos
198 1366 308 1406 video
325 1370 439 1407 ambo
457 1369 634 1408 advenire
651 1370 944 1421 opportunitate.

728 1425 894 1473 Periph.
921 1423 1029 1471 Quid
1047 1424 1102 1462 rei
1122 1432 1177 1462 est
1192 1427 1210 1463 ?

98 1475 218 1524 Epid.
248 1474 395 1514 Mane:
420 1476 500 1515 sine
518 1477 713 1529 respirem,
734 1489 875 1528 quaeSO.

420 1532 587 1581 Periph.
614 1530 759 1578 Immo,
779 1530 985 1581 acquiesce.

633 1585 754 1634 Epzd.
779 1584 928 1623 Animo
945 1583 1046 1623 male
1064 1593 1132 1624 oet.
1158 1587 1211 1624 20

98 1634 295 1687 Recipiam
315 1636 540 1675 anhelitum.

354 1691 485 1741 Apoec.
512 1690 726 1729 Clementer
744 1691 946 1742 requiesce.

655 1745 777 1794 Epid.
802 1745 996 1783 Animum
1015 1745 1209 1785 advortite.

95 1794 137 1832 A
155 1795 303 1846 legione
319 1809 451 1836 omnoe
467 1796 614 1836 remissi
632 1806 720 1836 sunt
738 1797 898 1836 domum
920 1798 1076 1837 Thebis.

861 1852 993 1902 Apoec.
1024 1852 1122 1897 Quis
1139 1853 1211 1892 hoc

99 1901 178 1940 Scit
194 1901 340 1941 factum
353 1903 372 1940 ¹?

257 1957 376 2008 Epid.
407 1956 495 2008 Ego
512 1957 566 1996 ita
583 1970 663 1997 esse
680 1958 824 1997 factum
842 1958 938 1997 dieo.

530 2013 695 2063 Periph.
722 2011 837 2051 Sci'n‘
858 2020 901 2050 tu
918 2012 1016 2050 istuc
1030 2015 1047 2050 Ρ

966 2067 1086 2116 Epid.
1111 2066 1212 2106 Scio.

101 2115 267 2166 Periph.
292 2114 377 2161 Qui
397 2123 440 2153 tu
459 2115 530 2154 scis
543 2119 562 2156 ἲ

299 2169 417 2219 Epid.
450 2169 553 2213 Quia
571 2183 641 2222 ego
659 2171 713 2210 ire
736 2171 815 2210 vidi
832 2171 973 2211 milites
990 2173 1111 2224 plenis
1129 2172 1210 2211 viis.
