1435 2400
193 83 268 121 134
474 82 869 127 MENAECHMEI.
895 83 948 123 V.
976 87 1015 124 9.

191 191 306 228 Men.
323 203 429 228 surr.
457 191 708 241 Septuennis:
740 203 830 229 nam
857 197 942 228 tum
961 190 1091 229 dentes
1118 191 1213 229 mihi
1236 205 1297 231 ca-

350 243 490 282 debant
507 244 731 294 primulum.
1245 247 1297 290 57

192 296 331 348 Neque
348 305 495 348 patrem
515 309 686 349 unquam
704 297 857 348 postilla
874 296 964 335 vidi.

710 352 816 388 Mes.
847 350 986 397 Quid?
1014 354 1182 390 vostrfim
1201 352 1299 402 patri

191 403 282 440 Filii
299 410 393 454 quot
411 404 521 442 eratis
536 406 553 442 Ρ

363 458 476 494 Men.
496 471 600 494 surr.
630 457 685 495 Ut
704 468 805 494 nunc
822 469 1003 495 maxume
1020 457 1194 505 memini,
1213 457 1301 496 duo.

191 510 296 547 Mes.
323 509 420 548 Uter
438 510 562 556 eratis,
583 511 664 548 tun'
684 522 733 547 an
753 509 817 548 ille
836 511 957 559 major
970 513 988 548 ?

549 565 663 601 Men.
685 576 790 601 surr.
819 563 949 614 AEque
967 565 1080 602 ambo
1098 576 1219 615 pares.
1247 565 1299 602 60
1357 590 1362 595 ,

192 615 297 652 Mes.
325 614 407 662 Qui
425 615 465 652 id
482 616 632 666 potest?

350 670 465 706 Men.
485 682 589 707 surr.
621 669 776 708 Gemini
795 671 909 708 ambo
930 682 1091 708 eramus.

534 725 648 760 Men.
668 724 750 761 Sos.
778 723 846 760 Dii
864 736 926 761 me
944 730 1134 761 servatum
1153 723 1298 762 volunt.

193 776 300 814 Mes.
328 775 370 813 Si
387 775 617 826 interpellas,
638 788 708 827 ego
726 777 868 814 tacebo.

588 831 701 867 Men.
722 830 804 867 Sos.
835 828 967 867 Potius
985 835 1103 867 taceo.

957 883 1065 920 Mes.
1094 881 1170 920 Dic
1188 882 1300 932 mihi,

189 933 281 972 Uno
298 934 451 973 nomine
469 936 582 972 ambo
601 935 738 973 eratis?

388 990 502 1025 Men.
524 1001 628 1025 surr.
660 988 865 1025 Minume:
895 1000 986 1026 nam
1004 988 1101 1025 mihi
1118 988 1190 1027 hoc
1208 996 1300 1036 erat,

190 1039 310 1088 Quod
338 1052 440 1078 nunc
465 1049 534 1087 est,
561 1041 850 1079 Menaechmus:
879 1041 992 1079 illum
1016 1048 1101 1079 tum
1119 1044 1305 1080 vocabant

352 1094 547 1132 Sosiclem.

192 1148 305 1184 Men.
323 1147 405 1185 Sos.
425 1147 542 1198 Signa
560 1147 720 1198 agnovi:
741 1146 936 1197 contineri,
953 1147 1046 1199 quin
1064 1148 1303 1199 complectar,

352 1212 428 1238 non
448 1213 556 1251 queo.
1249 1203 1301 1240 65

193 1252 257 1290 Mi
275 1265 467 1303 germane,
483 1254 634 1304 gemine
645 1253 774 1302 frater,
790 1254 894 1292 salve
909 1254 919 1291 !
951 1266 1020 1305 ego
1034 1267 1120 1292 sum
1135 1254 1306 1294 Sosicles.

193 1307 309 1344 Men.
326 1320 430 1345 surr.
460 1307 664 1355 Quomodo
677 1307 794 1358 igitur
806 1314 891 1358 post
905 1306 1148 1346 Menaechmo
1165 1319 1304 1346 nomen

350 1368 408 1398 est
424 1360 568 1398 factum
585 1360 684 1398 tibi?

195 1413 309 1449 Men.
327 1414 410 1451 Sos.
438 1413 649 1464 Postquam
681 1413 729 1451 ad
757 1425 825 1451 nos
852 1413 1112 1452 renuntiatum
1132 1413 1194 1461 ’st‚
1213 1419 1251 1450 te
1270 1420 1307 1451 et

355 1473 503 1516 patrem
523 1479 601 1504 esse
619 1473 831 1512 mortuum,

193 1517 306 1556 Avus
340 1526 465 1609 ffir
492 1519 683 1557 mutavit:
716 1519 820 1570 quod
853 1518 923 1556 tibi
951 1531 1091 1557 nomen
1120 1524 1189 1567 est,
1218 1519 1307 1557 fecit

194 1626 309 1662 Men.
339 1598 595 1663 suro—..Credo
621 1624 676 1662 ita
704 1637 782 1664 esse
808 1625 966 1673 factum,
995 1632 1041 1663 ut
1069 1625 1174 1664 dicis.
1230 1625 1305 1665 Sed

351 1678 447 1716 mihi
463 1678 535 1716 hoc
552 1678 747 1729 responde.

720 1734 834 1771 Men.
856 1734 940 1771 Sos.
968 1732 1093 1783 Roga.
1251 1732 1306 1776 70

196 1785 256 1822 M
253 1796 312 1822 en.
329 1797 436 1822 surr.
464 1783 572 1832 Quid
590 1792 670 1823 erat
687 1797 825 1823 nomen
844 1793 979 1824 nostrae
996 1785 1110 1824 matri
1121 1787 1140 1824 ?

514 1840 626 1877 Men.
653 1839 737 1876 Sos.
766 1839 1079 1878 Theusimarche.

834 1894 949 1931 Men.
970 1905 1078 1931 surr.
1106 1891 1305 1931 Convenit.

194 1943 259 1982 O!
291 1944 405 1992 salve,
435 1945 637 1996 insperate,
665 1945 799 1983 multis
828 1947 936 1984 annis
964 1953 1050 1997 post
1076 1958 1191 1998 quem
1218 1958 1306 1984 con-

353 1997 488 2049 spicer,

196 2050 353 2089 Frater!

314 2106 429 2143 Men.
454 2106 536 2143 Sos.
565 2106 619 2143 Et
637 2114 696 2153 tu,
716 2118 831 2157 quem
851 2119 922 2157 ego
938 2106 1071 2146 multis
1089 2105 1235 2145 miseris
1252 2105 1309 2143 la-

458 2159 612 2197 boribus
