1435 2400
252 51 433 92 MILES
461 52 795 93 GLORIOSUS.
824 54 883 92 ΙΙ.
912 55 952 93 3.
1076 55 1151 93 201

287 203 476 244 ACTUS
503 204 564 243 ΙΙ.
616 205 803 244 SCENA
831 205 916 243 III.

294 310 580 349 Semnones.
621 312 915 350 PALAEsTRm.

45 419 144 457 Scel.
171 416 262 456 Nisi
278 416 434 468 quidem
453 431 524 469 ego
545 418 660 457 hodie
677 418 873 457 ambulavi
900 417 1090 457 dormiens
1116 419 1157 456 in

203 471 354 521 tegnlis,

46 524 158 562 Certo
178 524 348 575 (edepol)
368 525 444 562 scio
461 537 524 563 me
542 525 679 563 vidisse
696 525 760 563 hic
777 538 976 575 proxumae
993 524 1141 563 viciniae

46 577 384 625 Philocomasium,
398 579 556 616 herilem
570 579 747 626 amimm,
761 579 832 617 sibi
843 579 962 616 alium
976 591 1155 630 quaerere.

48 632 140 668 Pal.
168 631 247 669 Hic
281 632 389 669 illam
421 632 516 670 vidit
547 632 794 681 osculantem„
828 641 1017 684 quantum
1053 631 1158 669 hune

204 684 333 722 audivi
349 685 468 736 loqui.

45 739 142 776 Scel.
170 737 270 786 Quis
289 738 351 777 hic
370 741 455 777 oet?

419 792 506 830 Pal.
537 792 648 831 Tuus
666 805 878 832 conservus.
934 791 1043 840 Quid
1061 792 1159 843 agis,

527 846 700 885 Sceledre
712 849 730 885 ἓ

671 902 771 939 Scel.
800 899 874 947 Te,
894 898 1105 947 Palaestrio,
1135 900 1162 935 5

44 953 200 1003 Volupe
213 953 262 991 'st
279 954 507 992 convenisse.

204 1006 290 1044 Pal.
318 1006 426 1054 Quid
440 1008 554 1056 jam?
583 1015 651 1045 aut
667 1006 763 1059 quid
780 1008 926 1058 negoti,
946 1006 1006 1044 fac
1025 1005 1158 1044 sciam.

47 1061 145 1098 Sccl.
168 1059 322 1098 Metuo.

207 1112 294 1150 Pal.
322 1113 430 1161 Quid
447 1114 585 1151 metuis
598 1116 616 1152 ’ἓ

367 1168 463 1205 Scel.
495 1168 535 1205 N
538 1180 558 1205 e
577 1167 738 1213 (hercle)
757 1166 870 1205 hodie
888 1174 1077 1218 quantum
1094 1165 1161 1203 hic

485 1220 732 1258 familiarium
746 1221 808 1266 ’st,

46 1273 284 1311 Maxumum
303 1273 344 1310 in
362 1274 511 1312 malum
531 1274 740 1312 cruciatum
760 1274 984 1311 insiliamus.

507 1373 510 1375 ‚
885 1326 973 1364 Pac.
1004 1326 1070 1364 Tu
1090 1325 1161 1363 sali

45 1380 158 1418 Solus
170 1394 182 1417 ε
224 1392 315 1418 nam
348 1394 418 1431 ego
446 1381 561 1419 istam
596 1381 826 1419 insulturam
857 1388 894 1419 et
925 1379 1160 1418 desulturam

205 1434 302 1472 nihil
319 1433 383 1472 hic
401 1447 539 1473 moror.

45 1488 144 1525 Scel.
172 1487 307 1525 Naecis
330 1497 372 1525 tu
391 1487 562 1537 fortasse,
581 1487 685 1540 apud
711 1500 780 1526 nos
799 1487 947 1526 facinus
967 1486 1070 1538 quod
1092 1498 1162 1523 nap

206 1548 290 1578 tum
302 1541 350 1578 'st
366 1553 524 1579 novum.
1112 1540 1162 1577 10

50 1595 141 1632 Pal.
171 1592 289 1641 Quod
306 1594 346 1632 id
364 1602 420 1632 est
437 1595 583 1634 facinus
597 1597 615 1634 ‚⁹

342 1649 439 1687 Scel.
469 1649 733 1700 lmpudicum.

591 1704 678 1741 Pul.
711 1702 816 1740 Tute
833 1701 903 1740 scis
922 1701 991 1739 soli
1010 1701 1106 1740 tibi:

50 1753 156 1792 Mihi
172 1765 222 1791 ne
238 1753 362 1792 dixis·
391 1755 484 1793 scire
501 1756 601 1794 nolo.

411 1810 509 1847 Scel.
540 1810 633 1848 Non
651 1809 753 1847 enim
772 1808 924 1854 faciam,
942 1808 1036 1859 quin
1056 1808 1162 1846 scias.

51 1859 212 1898 Simiam
224 1859 338 1898 hodie
351 1874 437 1898 sum
451 1870 613 1901 sectatus
625 1871 794 1900 nostram
804 1862 845 1900 in
858 1863 997 1900 horum
1012 1862 1171 1912 tegulis.

53 1915 141 1951 Pul.
160 1911 325 2003 ΕᾶξὲοΙ,
345 1914 530 1963 Sceledre,
550 1916 665 1955 homo
682 1922 832 1954 sectatu’
835 1929 852 1954 s
870 1914 980 1953 nihili
997 1927 1165 1966 nequam

281 1975 387 2004 nam.

55 2019 155 2060 Scel.
184 2017 254 2056 Dii
271 2027 309 2056 te
325 2020 509 2070 perdant!

271 2073 361 2111 Pac.
390 2073 450 2111 're
466 2074 563 2114 istuc
581 2088 762 2128 aequum3
789 2074 972 2127 quoniam
991 2073 1167 2125 occepisti

376 2126 517 2179 eloqui.
1119 2125 1167 2162 15
