1435 2400
269 21 345 64 192
487 22 664 65 MILES
692 23 1025 65 GLORIOSUS.
1053 23 1087 64 1.
1119 23 1154 64 1‘.

268 129 377 173 Quid
394 129 463 168 tibi
482 144 551 181 ego
570 131 709 180 dicam,
729 132 831 184 quod
850 143 979 171 omnes
996 131 1171 171 mortales
1189 130 1326 175 sciunt,

267 182 594 234 Pyrgopolinicem
612 191 650 224 te
667 198 788 223 unum
808 186 847 223 in
866 186 963 223 terra
981 186 1104 224 vivere
1263 228 1268 231 .
1315 183 1367 221 56

268 235 307 273 V
309 237 435 283 irtute,
457 245 493 275 et
510 237 645 285 forma,
665 247 701 276 et
719 239 826 277 factis
845 238 1122 277 invictis-sumis.
1163 270 1205 279 ..
1226 244 1256 270 -”
1274 262 1286 271 -
1347 257 1433 285 2:0¹:

266 290 416 327 Amant
435 299 471 328 te
488 302 617 329 omnes
635 293 823 338 mulieres,
845 303 966 342 neque
983 296 999 342 (
1016 292 1156 340 hercle)
1179 289 1332 340 injuria,

268 341 349 388 Qui
368 342 417 380 sis
436 351 514 381 tam
533 344 716 394 pulcher;
746 353 788 382 ut
807 345 877 385 vel
883 345 972 392 illae,
993 358 1079 396 quae
1096 345 1185 382 here
1202 343 1319 396 pallio
1350 374 1404 419 I

267 394 338 433 Me
356 396 774 447 reprehenderunt..
1390 398 1418 430 s

601 452 655 488 P
641 464 732 500 Jrg
760 450 868 497 Quid
884 450 972 488 here
989 450 1167 488 dixerunt
1185 450 1277 488 tibi.
1268 451 1286 477 ⁹
1314 403 1368 486 6()
1423 449 1433 455 “

266 503 305 540 A
310 508 381 540 rto
412 503 668 554 Rogitabant:
701 504 909 542 “Hiccine
927 504 1098 542 Achffles
1116 503 1198 551 est‚'
1203 501 1375 553 'inquit‚

428 556 568 594 “tibi.
559 557 604 582 ⁹'’

268 609 298 630 “
318 608 461 655 Immo,
482 610 562 658 ejus
583 609 739 658 frater,'’
759 610 930 661 inquam.
987 584 1122 647 Innuit
1142 610 1295 648 illarum
1317 607 1373 645 al-

429 670 530 699 tera·

269 716 297 737 ‘⁴
316 715 422 765 Ergo
439 715 658 765 (mecastor)
679 716 833 767 pulcher
852 716 949 760 est,”
967 715 1106 767 inquit,
1127 713 1268 753 “mihi

267 768 323 806 Et
340 768 503 806 liberalis
520 769 632 806 visus.
675 770 854 807 Caesaries
872 782 987 820 quam
1007 769 1135 806 decet!

269 822 342 859 Nae
360 821 435 858 illae
453 829 542 858 sunt
561 822 772 865 fortunatae,
794 835 880 873 quae
898 834 985 860 cum
1004 822 1074 860 isto
1093 824 1233 860 cubant
1249 820 1291 857 !'’
1321 820 1372 857 65

271 876 397 924 Pyrg.
431 874 540 913 Itane
559 875 660 913 aibat
677 875 828 912 tandem
845 878 862 913 ἓ

606 929 720 965 Arto.
747 928 847 974 Quae
864 941 926 965 me
944 929 1066 966 ambae
1083 926 1371 973 obsecraverint,

267 981 324 1019 Ut
342 988 379 1018 te
397 980 522 1026 hodie,
537 981 644 1031 quasi
663 994 858 1032 pompam,
877 979 943 1018 illa
960 981 1284 1030 praeterducerem.

269 1036 400 1083 Pyrg.
443 1033 638 1071 Nimia'st
666 1034 815 1072 miseria
841 1033 1045 1085 pulchrum
1075 1047 1153 1072 esse
1181 1032 1373 1071 hominem

428 1099 554 1124 mmls.

268 1141 384 1178 Arto-
429 1139 606 1178 Molestae
633 1147 721 1179 sunt
746 1140 870 1186 mihi3
899 1148 1021 1188 orant,
1049 1140 1236 1187 ambiunt,
1266 1141 1372 1177 obse-

430 1201 548 1238 crant,

269 1246 409 1285 Videre
426 1254 470 1283 ut
487 1246 619 1284 liceat:
649 1246 697 1284 ad
716 1260 794 1285 sese
812 1247 944 1285 arcaesi
960 1248 1119 1296 jubent:
1323 1246 1375 1290 70

270 1300 327 1338 Ut
345 1310 411 1337 tuo
429 1311 503 1336 non
522 1300 632 1338 liceat
649 1313 801 1351 operam
821 1300 910 1338 dare
927 1301 1089 1351 negotio.

272 1355 327 1390 P
313 1366 403 1402 stg
432 1353 471 1388 V
473 1352 595 1391 idetur
612 1362 764 1405 tempus
783 1367 874 1400 esse,
894 1361 938 1391 ut
956 1366 1085 1391 eamus
1104 1353 1152 1391 ad
1170 1353 1312 1400 forum,

274 1407 310 1444 L
313 1415 341 1452 t,
362 1406 401 1442 in
421 1406 567 1444 tabellis
585 1420 679 1457 quos
697 1407 913 1457 consignavi
929 1406 994 1444 hic
1009 1406 1090 1444 heri

272 1459 469 1505 Latrones,
489 1459 574 1497 ibus
592 1460 828 1498 dinumerem
847 1459 1092 1509 stipendium.

271 1513 377 1549 Nam
396 1525 463 1549 rex
481 1513 658 1550 Seleucus
676 1526 738 1551 me
756 1525 867 1563 opere
884 1512 1003 1549 oravit
1020 1524 1218 1557 maxumo,
1325 1511 1349 1556 7
1352 1513 1377 1548 5

271 1565 329 1602 Ut
347 1565 418 1602 sibi
435 1565 596 1604 latrones
611 1578 779 1617 cogerem
798 1573 834 1603 et
851 1565 1131 1603 conscriberem.

271 1618 371 1668 Regi
389 1617 491 1656 hunc
509 1618 608 1656 diem
627 1620 723 1657 mihi
741 1631 892 1670 operam
911 1618 1102 1657 decretum
1117 1620 1167 1657 'st
1184 1618 1284 1657 dare.

273 1672 388 1709 Arto.
416 1672 516 1721 Age,
538 1684 667 1711 eamus
693 1684 792 1724 ergo.

785 1727 914 1775 Pyrg.
943 1725 1169 1776 Sequimini,
1190 1725 1380 1764 satellites.
