1435 2400
166 76 240 114 140
480 74 818 115 MERCATOR.
848 75 881 113 Ι.
915 75 948 112 l.

171 182 343 226 Urbem3
375 188 489 232 atque
521 181 711 231 extemplo
742 181 845 227 inde,
876 188 920 217 ut
941 181 1179 231 spectavisset
1210 194 1279 232 pe-

330 235 454 285 plum,
1223 236 1276 278 67

173 288 259 325 Rus
276 300 427 325 rursum
446 287 641 326 confestim
656 287 758 338 exigi
775 288 928 325 solitum
948 300 971 324 a
983 294 1100 338 patre.

173 341 236 379 Ibi
254 341 376 378 multo
393 341 560 391 primum
580 353 618 378 se
635 341 881 379 familiarium

173 394 444 432 Laboravisse:
475 406 592 445 quom
610 394 690 438 haec
710 402 813 445 pater
831 395 902 432 sibi
920 395 1080 433 diceret:
1227 393 1281 437 70

176 450 205 470 “
225 447 318 485 Tibi
336 455 441 495 aras,¹
451 447 520 486 tibi
537 460 656 493 occas,
676 447 745 485 tibi
764 448 867 495 seris,
886 447 956 486 tibi
974 448 1096 486 eidem
1113 445 1226 485 metis
1238 459 1250 483 z

177 500 270 538 Tibi
287 500 449 551 denique
465 501 534 539 iste
551 501 671 551 pariet
687 501 858 538 laetitiam
875 502 992 539 labos.
997 502 1023 519 ”

177 553 386 604 Postquam
404 556 562 592 recesset
581 554 658 592 vita
674 555 798 603 patrio
801 566 994 619 corpore,

175 608 330 657 Agrum
348 619 387 644 se
404 607 627 656 vendidisse,
646 615 761 658 atque
779 620 823 645 ea
840 606 1003 658 pecunia

177 659 335 706 Navim,
353 665 531 698 metretas
549 674 635 711 quae
652 668 833 698 trecentas
851 661 1012 707 tolleret,
1229 658 1281 702 75

178 713 350 760 Parasse,
370 720 484 764 atque
506 712 638 764 [eapse
655 726 797 752 merces
816 714 1025 764 vectatum]
1046 712 1230 763 undique,

179 765 292 804 Adeo
310 766 418 812 dum,
438 780 524 818 quae
542 773 624 804 tum
643 767 811 814 haberet,
830 767 1031 818 peperisset
1048 767 1158 804 bona.

179 818 251 857 Me
267 819 370 857 idem
388 820 531 866 decere,
551 820 596 867 si,
616 828 660 857 ut
678 819 822 858 deceret
839 833 916 867 me,
935 819 1072 858 forem.

179 872 265 922 Ego
279 885 341 911 me
360 873 428 911 ubi
445 872 609 910 invisum
628 885 714 910 meo
731 873 830 923 patri
848 886 926 911 esse
944 871 1129 922 intelligo,

178 925 311 976 Atque
330 926 415 964 odio
433 938 512 964 esse
530 938 605 972 me,
626 925 716 977 quoi
733 925 880 976 placere
895 938 1049 976 aequum
1066 924 1155 971 fuit,
1235 924 1287 961 80

177 978 339 1026 Amens,
360 991 580 1029 amansque,
600 987 688 1016 utut
705 979 877 1015 animum
896 979 1044 1016 offirmo
1061 989 1218 1014 meum:
1250 1011 1256 1019 „
1363 986 1366 988 ·
1415 972 1418 974 ’

180 1030 280 1069 Dico
298 1045 375 1069 esse
393 1032 538 1069 iturum
556 1043 619 1069 me
638 1039 863 1078 mercatum,
883 1031 914 1069 si
933 1031 1046 1069 velit:

180 1085 367 1122 Amorem
386 1085 544 1122 missum
564 1084 684 1122 facere
702 1096 779 1132 me,
798 1084 892 1121 dum
911 1084 968 1121 illi
986 1085 1183 1134 obsequar.

178 1139 276 1188 Agit
293 1138 431 1188 gratias
443 1137 554 1183 mihi,
573 1145 689 1188 atque
706 1137 901 1187 ingenium
922 1136 1091 1174 allaudat
1107 1148 1251 1175 meum.

179 1192 254 1229 Sed
271 1204 357 1229 mea
374 1191 575 1252 promissa
575 1202 652 1231 non
670 1190 838 1241 neglexit
855 1190 1043 1250 persequi.
1229 1191 1282 1227 85

178 1245 362 1283 AEdificat
380 1245 509 1283 navim
527 1241 736 1304 cei-curum,
753 1251 790 1281 et
806 1255 949 1282 merces
963 1243 1081 1288 emit;

180 1297 319 1336 Parata
336 1299 437 1345 navi,
456 1297 635 1347 imponit.
676 1297 864 1335 Praeterae
879 1296 976 1334 mihi

179 1351 388 1389 Talentum
406 1351 552 1401 argenti
569 1351 675 1401 ipsus
693 1363 763 1388 sua
779 1356 1007 1388 annumerat
1021 1361 1165 1387 manu·

179 1405 340 1442 Servum
358 1404 437 1442 una
454 1403 584 1450 mittit,
605 1403 674 1454 qui
690 1403 783 1441 olim
801 1416 824 1441 a
840 1414 959 1454 puero
976 1402 1135 1453 parvulo

179 1458 285 1495 Mihi
303 1455 531 1507 paedagogus
548 1456 695 1501 fuerat3
725 1456 833 1507 quasi
850 1456 908 1494 uti
925 1455 1021 1493 mihi
1038 1455 1134 1493 foret
1232 1456 1284 1494 90

181 1511 329 1549 Custos.
370 1511 466 1548 Iisce
483 1510 673 1557 confectis,
693 1509 821 1547 navim
836 1508 1045 1546 solvimus.

177 1564 361 1601 Rhodum
379 1564 564 1601 venimus.
609 1563 703 1609 Ubi,
722 1575 818 1613 quas
835 1575 977 1600 merces
994 1573 1184 1609 vexeram,

179 1616 354 1664 omneis,
371 1625 416 1654 ut
434 1616 552 1662 volui,
572 1616 725 1654 vendidi
743 1628 791 1653 ex
808 1614 1005 1662 sententia,

177 1670 379 1708 Lucrum
367 1682 500 1721 ingens
517 1669 640 1716 facto;
668 1676 921 1721 praeterquam
938 1667 1036 1706 mihi
1052 1681 1162 1707 meus
1178 1674 1287 1720 pater

177 1724 297 1762 Dedit
310 1723 511 1761 aestimatas
528 1723 788 1761 mereae.1ta
804 1722 998 1773 peculium
1229 1723 1282 1759 95

178 1777 346 1815 Conficio
364 1776 518 1827 grande.
563 1776 650 1823 Sed,
671 1776 794 1814 dum
783 1788 823 1813 in
842 1783 954 1825 portu
970 1775 1027 1812 illi
1044 1775 1216 1821 ambulo,

177 1830 328 1881 Hospes
346 1842 408 1868 me
426 1830 582 1880 quidam
600 1829 768 1879 agnovit,
788 1829 838 1866 ad
855 1841 999 1867 coenam
1018 1835 1137 1866 vocat.

177 1884 328 1928 Veni03
359 1883 558 1930 decumbo,
579 1891 751 1934 acceptus
768 1881 888 1920 hilare
905 1889 1020 1933 atque
1041 1881 1230 1932 ampliter.

176 1936 423 1975 Discubitum
441 1944 555 1974 noctu
573 1943 617 1973 ut
634 1936 748 1982 imus,
769 1949 852 1974 ecce
869 1935 918 1973 ad
935 1948 998 1973 me
1015 1934 1167 1973 advenit

175 1989 335 2036 Mulier,
355 1990 433 2041 qua
449 1989 586 2027 mulier
599 1989 674 2027 alia
691 1989 798 2026 nulla
813 1988 860 2027 'st
875 1988 1068 2040 pulchrior
1080 2001 1092 2025 ε
1206 1989 1282 2027 100

174 2043 238 2082 Ea
255 2051 364 2082 nocte
380 2056 532 2082 mecum
550 2043 616 2081 illa
632 2043 789 2094 hospitis
803 2044 913 2092 jussu
930 2041 1016 2079 fuit.
1218 2068 1221 2069 γ

173 2096 334 2136 Vosmet
352 2096 489 2143 videte,
508 2109 626 2148 quam
644 2096 739 2134 mihi
759 2095 869 2134 valde
885 2094 1094 2146 placuerit!

173 2149 358 2190 Postridie
375 2150 562 2202 hospitem
580 2150 696 2197 ade03
725 2162 803 2199 oro,
825 2157 870 2188 ut
885 2148 1023 2188 vendat
1038 2147 1147 2187 mihi.
