1435 2400
469 68 665 109 PERSA.
694 69 771 109 IV.
799 71 837 108 4.
1133 70 1214 115 347

94 174 310 227 Nunquam
333 174 437 214 ullus
455 174 564 214 Deus
582 183 663 215 tam
687 176 876 226 benignus
903 174 992 225 fuit,
1012 176 1081 229 qui
1100 176 1217 215 fuerit

280 240 321 266 ro
350 228 452 267 itius-

97 284 192 333 Sag.
221 242 309 320 nge
322 242 422 333 Iage:
453 295 597 334 opusne
616 285 666 321 'st
682 282 754 320 hac
771 282 841 321 tibi
861 283 993 321 emta?

466 338 592 374 Dord.
623 337 664 375 Si
683 336 753 374 tibi
771 338 931 374 vaenisse
951 337 998 374 'st
1017 350 1128 388 opus,
1159 338 1211 374 35

92 388 198 428 Mihi
216 402 368 441 quoque
386 390 488 428 emta
507 399 585 428 est:
617 390 649 428 si
673 389 743 428 tibi
770 390 886 428 subiti
911 390 1009 428 nihil
1034 399 1104 439 eet,
1125 398 1212 428 tan-

251 443 426 481 tumdem
446 444 494 481 'st
511 443 622 481 mihi.

93 498 188 547 Sag.
219 496 368 544 Indica,
388 496 448 534 fac
464 497 643 548 pretium.

368 551 496 588 Dord.
527 551 616 588 Tua
633 563 743 588 merx
761 557 840 596 θεῖς
870 558 937 589 tua
955 550 1136 590 indioetio
1153 551 1212 590 ’st-

98 605 195 642 Tox.
223 604 403 655 AEquum
421 603 485 641 hic
503 611 596 642 orat.

316 659 411 707 Sag.
440 657 550 695 Vi'n'
569 658 664 695 bene
682 656 835 696 emere?

489 712 616 748 Dor-d.
646 710 755 748 Vi'n’
775 718 817 748 tu
836 710 995 762 pulchre
1014 711 1177 750 vendere
1191 713 1210 750 ,⁹

96 766 195 804 Tox.
223 763 310 815 Ego
329 762 407 803 scio
427 762 597 816 (hercle)
617 771 826 816 utrumque
843 765 954 803 velle.

541 819 670 856 Dord.
695 821 798 868 Age,
818 817 945 856 indica
961 819 1212 870 prognariter.

93 873 187 923 Sag.
217 871 331 910 Prius
358 871 465 910 dico:
495 871 594 910 hanc
622 871 828 922 mancupio
854 883 968 909 nemo
993 871 1064 910 tibi
1090 872 1209 911 dabit.

99 948 102 949 ν
247 926 275 963 J
278 937 341 963 am
361 925 431 963 scis
444 927 462 963 ἶ)

460 978 586 1016 Dord.
617 977 714 1016 Scio.
1154 980 1206 1017 40

89 1032 240 1079 Indioe,
260 1031 436 1079 minimo,
456 1032 613 1069 daturus
633 1033 701 1082 qui
721 1032 785 1078 sis,
806 1033 875 1082 qui
894 1031 983 1070 duci
1001 1040 1126 1084 queat.

93 1088 192 1125 Tox.
222 1086 339 1132 Tace,
359 1092 452 1123 tace.
509 1084 638 1122 Nimis
664 1092 707 1123 tu
727 1084 884 1137 quidem
906 1085 1074 1137 (hercle)
1092 1086 1209 1124 homo

246 1139 385 1177 stultus
404 1151 442 1177 es
459 1138 665 1190 pueriliter.

87 1193 216 1232 Dord.
246 1192 352 1237 Quid
370 1192 454 1231 ita?

356 1247 453 1285 Tox.
482 1246 588 1294 Quia
606 1246 708 1284 enim
729 1253 765 1283 te
783 1258 831 1284 ex
849 1244 979 1297 puella
996 1246 1102 1298 prius
1119 1259 1206 1299 per-

457 1299 601 1338 oontari
619 1301 720 1348 volo,

85 1352 187 1401 Quae
204 1353 253 1392 ad
272 1365 353 1392 rem
371 1353 551 1392 referunt.

274 1408 404 1446 Dord.
434 1408 488 1445 Et
507 1406 662 1458 quidem
685 1405 858 1459 (hercle)
879 1414 922 1444 tu
940 1419 1004 1445 me
1020 1408 1205 1447 monuisti

402 1459 507 1498 haud
524 1460 636 1498 male.

82 1514 186 1553 Vide
213 1514 290 1559 sis3
321 1526 391 1566 ego
418 1514 483 1553 ille
501 1514 634 1552 doctus
658 1513 746 1553 leno
770 1525 878 1565 paene
902 1514 943 1552 in
970 1514 1119 1552 foveam
1138 1514 1204 1554 de-

241 1568 329 1612 cidi,
1149 1570 1202 1607 45

84 1621 141 1660 Ni
176 1622 242 1660 hie
272 1622 433 1660 adesses.
499 1621 704 1669 Quantum
724 1622 772 1660 ’st
803 1620 981 1660 adhibere
1007 1621 1204 1661 hominem

249 1676 432 1722 amicum,
452 1675 521 1713 ubi
539 1675 632 1726 quid
650 1675 782 1727 geras!

92 1730 186 1766 Tox.
217 1728 309 1776 Quo
336 1741 485 1779 genere,
516 1736 583 1766 aut
607 1729 686 1780 qua
713 1729 754 1766 in
779 1728 904 1781 patria
931 1728 981 1767 sit
1006 1736 1111 1778 nata,
1139 1736 1205 1767 aut

240 1781 380 1832 quibus
398 1783 643 1832 parentibus3

83 1835 146 1874 Ne
160 1842 301 1874 temere
317 1834 417 1872 hane
435 1842 473 1872 te
491 1835 626 1874 emisse
644 1835 747 1875 dioes
766 1849 879 1874 suasu
898 1843 1013 1888 atque
1029 1836 1201 1888 impulsu

240 1900 338 1926 meo.

83 1941 173 1981 Nisi
190 1941 395 1980 molestum
408 1941 470 1989 'st‚
490 1943 702 1992 percontari
719 1943 819 1983 hanc
835 1943 968 1995 paucis
985 1942 1048 1981 hic
1066 1943 1156 1981 volt.

863 1998 959 2047 Sag.
989 1997 1197 2044 Maxume,

82 2049 161 2088 Suo
178 2049 374 2088 arbitratu.

249 2104 345 2141 Tosc.
374 2100 484 2150 Quid
502 2109 579 2141 stas
592 2104 611 2141 ?
639 2103 702 2142 abi
720 2111 816 2151 tute,
835 2111 951 2155 atque
968 2103 1048 2154 ipse
1066 2102 1199 2140 itidem

345 2168 451 2206 roga,
1147 2157 1200 2192 50
