1435 2400
263 74 342 111 210
470 70 647 110 MILES
677 68 1010 110 GLORIOSUS.
1039 71 1097 110 ΙΙ.
1129 76 1169 111 5.

742 178 831 214 Pal.
861 177 1093 215 perscrutari
1110 178 1175 216 hic
1194 179 1293 226 volo,
1313 181 1367 218 20

256 231 441 279 Sceledre,
467 243 535 269 nos
557 230 675 269 nostri
697 242 745 267 an
772 230 885 267 alieni
910 230 1054 277 simus3
1083 243 1131 270 ne
1149 231 1244 270 dum
1262 231 1367 283 quis-

447 297 523 322 1am

257 340 340 377 Nos
359 299 567 376 vicinorum
587 336 856 387 imprudenteis
875 336 1011 387 aliquis
1028 336 1301 377 immutaverit.

259 394 356 431 Scel.
385 392 495 429 Certe
514 390 690 441 equidem
709 398 834 427 noster
852 402 952 427 sum.

509 442 594 480 Pal.
624 443 677 480 Et
698 442 805 494 (pol)
828 455 909 494 ego.
964 441 1116 490 Quaeris
1134 450 1192 491 tu,
1211 444 1367 493 mulier,

577 503 736 533 malum.

259 551 352 590 Tibi
371 550 469 597 dico,
487 550 596 597 heus,
618 549 966 587 Philocomasium!

656 603 764 639 Phil.
793 603 894 649 Quae
912 610 948 640 te
965 602 1200 653 intemperiae
1219 610 1362 652 tenent,

257 656 339 704 Qui
357 669 419 695 me
437 668 633 707 perperam
651 655 830 733 perplexo
849 656 1003 693 nomine
1021 656 1218 705 appelles?

1062 710 1149 746 Pal.
1178 709 1287 748 Eho!
1318 711 1370 749 25

258 762 359 810 Quis
378 763 495 814 igitur
516 764 678 800 vocare?

579 816 689 853 Phil.
720 815 879 866 Glycere
898 827 1035 853 nomen
1055 823 1123 853 aet.

1050 869 1146 906 Scel.
1180 868 1375 917 Injuria's.

261 922 417 959 Falsum
438 933 576 959 nomen
595 921 796 972 possidere,
819 921 1154 968 Philocomasium,
1173 923 1354 972 postulas.

257 977 316 1012 At
334 975 431 1012 istuc
451 987 525 1011 non
546 974 676 1019 decet;
708 982 744 1011 et
759 987 843 1012 meo
857 974 950 1012 adeo
966 974 1058 1012 hero
1072 974 1162 1012 facis
1180 975 1372 1024 injuriam.

260 1029 368 1065 Phil.
398 1028 533 1077 Egone
548 1030 565 1065 ?

420 1082 511 1118 Pal.
545 1080 661 1118 Tute.

634 1135 741 1171 Phil.
771 1134 872 1182 Quae
889 1133 970 1171 heri
986 1133 1154 1172 Athenis
1167 1133 1369 1185 Ephesum

753 1187 890 1225 adveni
909 1187 1053 1237 vesperi

260 1241 362 1280 Cum
380 1253 467 1278 meo
486 1249 666 1287 amatore,
686 1240 919 1278 adolescente
937 1239 1179 1278 Atheniensi.

965 1295 1057 1331 Pal.
1086 1293 1162 1332 Dic
1179 1293 1290 1342 mihi,
1318 1295 1372 1333 30

257 1348 364 1392 Quid
381 1348 446 1385 hic
466 1348 534 1385 tibi
553 1348 593 1385 in
608 1347 790 1398 Epheso’
793 1355 826 1386 st
846 1348 1006 1398 negoti?

645 1402 753 1438 Phil.
786 1401 991 1439 Geminam
1006 1412 1227 1460 germanam
1245 1413 1372 1440 meam

259 1455 339 1493 Hic
358 1467 522 1492 sororem
543 1466 621 1492 esse
639 1454 834 1492 inaudivi.
857 1466 941 1491 eam
961 1453 1046 1491 veni
1065 1461 1282 1503 quamtum.

1070 1507 1161 1543 Pal.
1194 1506 1306 1545 Mala
1323 1522 1374 1548 es.

261 1562 370 1599 Phil.
390 1561 534 1607 Immo,
549 1559 730 1611 (ecastor)
744 1560 859 1599 stulta
877 1559 1061 1608 multum,
1077 1572 1163 1610 quae
1178 1559 1373 1601 vobiscum

417 1614 576 1651 fabuler.

260 1668 386 1705 Abeo.

339 1721 436 1758 Scel.
463 1720 586 1757 Abire
603 1732 680 1758 non
698 1720 820 1758 sinam
838 1728 888 1758 te.

801 1774 911 1812 Phil.
940 1772 1069 1811 Mitte.

986 1828 1083 1865 Scel.
1109 1825 1376 1864 Manifestaria

262 1880 340 1918 Res
360 1887 439 1918 est:
470 1890 546 1916 non
565 1880 689 1918 mitto.

440 1933 550 1970 Phil.
580 1934 638 1971 At
656 1934 752 1972 mihi
767 1935 849 1984 jam
868 1936 1075 1985 crepabunt
1092 1945 1243 1981 manus,
1262 1931 1376 1970 malae

546 1986 627 2030 tibi,
1322 1986 1374 2022 35

263 2039 351 2078 Nisi
369 2052 431 2078 me
449 2038 603 2078 omittis.

448 2093 544 2131 scel.
575 2093 683 2140 Quid
702 2094 870 2144 (malum
886 2095 920 2147 !)
939 2095 1098 2134 adstas?
1124 2093 1221 2145 quin
1239 2090 1376 2132 retines

558 2146 797 2187 altrinsecus
787 2148 805 2172 ⁹
