1435 2400
219 54 293 92 156
526 55 571 92 M
577 54 862 94 ERCATOR.
892 54 949 92 ΙΙ.
978 55 1017 91 3.

218 159 328 198 Treis
345 159 468 198 minas
482 148 657 199 accudere
672 161 785 199 etiam
803 172 971 211 possum,
987 167 1032 197 ut
1045 158 1198 210 triginta
1211 158 1319 197 sient.

221 214 342 251 Char.
370 213 460 261 Quo
479 214 651 252 vortisti?

423 268 553 304 Demi.
582 266 649 304 Ad
667 266 792 313 illum,
813 266 879 316 qui
899 266 1001 305 emit.

642 321 760 358 Char.
790 319 956 357 Ubinam
976 319 1024 355 'st
1041 318 1073 356 is
1091 318 1206 356 homo
1223 330 1316 368 gen-

743 373 838 409 tium
855 374 872 409 Ρ
1265 372 1318 414 97

217 426 346 462 Demi.
377 425 566 464 Eccillum
587 425 704 463 video.
765 425 793 462 J
798 426 887 462 ubet
905 425 1075 476 quinque
1096 436 1159 462 me
1183 423 1319 462 addere

375 479 488 516 etiam
506 491 606 516 nunc
625 479 761 516 minas.

219 533 338 570 Char.
364 531 516 580 Hercle,
535 532 653 569 illunc
672 531 738 569 Dii
758 531 964 576 infelicent,
985 529 1158 581 quisquis
1177 536 1245 568 est.

892 586 1023 622 Demi.
1057 583 1206 621 Ibidem
1223 582 1319 620 mihi

214 637 345 675 Etiam
364 650 467 676 nunc
485 645 657 684 annutat,
673 637 809 675 addam
830 650 893 674 sex
911 638 1045 674 minas.

778 691 898 729 Char.
930 691 1098 739 Septem,
1117 688 1213 726 mihi
1244 689 1318 726 100

215 744 231 794 (
246 743 472 794 Nunquam,
509 743 654 794 edepol,
690 756 752 782 me
787 742 909 782 vincet
946 741 1075 792 hodie)
1113 741 1319 780 comodis

370 796 503 847 poscit,
525 805 642 847 pater.

214 851 344 888 Demi.
375 849 646 900 Nequidquam
665 848 809 900 poscit:
839 861 908 899 ego
925 849 1081 886 habebo.

649 903 766 941 Char.
795 901 853 938 At
870 902 948 940 illic
965 901 1184 952 pollicitu'st
1200 901 1313 952 prior.

217 957 348 994 Demi.
381 955 505 993 Nihili
522 955 630 993 facio.

430 1009 547 1046 Char.
577 1006 866 1058 Quinquaginta
883 1007 1012 1058 poscit.

490 1088 519 1107 4
753 1062 883 1097 Demi.
914 1061 1005 1098 Non
1023 1067 1173 1098 centum
1193 1060 1317 1099 datur.

213 1113 313 1152 Poti’
317 1126 363 1151 ne
390 1121 433 1151 ut
460 1125 507 1150 ne
532 1087 672 1152 licitere
697 1090 898 1151 advorsum
924 1113 1042 1150 animi
1066 1113 1142 1151 mei
1170 1122 1318 1152 senoen-

370 1166 490 1204 tiam?

212 1220 442 1258 Maxumam
474 1218 632 1270 (hercle)
661 1219 818 1258 habebis
846 1219 1036 1270 praedam·
1025 1247 1036 1257 .
1076 1219 1130 1257 ita
1154 1219 1219 1258 ille
1246 1227 1314 1267 est,

367 1273 456 1323 quoi
476 1273 625 1320 emitur,
647 1286 773 1311 senex.
1240 1273 1315 1312 105

209 1325 331 1363 Sanus
351 1338 425 1363 non
445 1334 500 1364 est
518 1339 564 1363 ex
583 1339 708 1364 amore
726 1325 842 1363 illius.
896 1324 1012 1372 Quod
1030 1338 1171 1376 posces,
1192 1326 1299 1364 feres

213 1379 330 1416 Char.
362 1380 472 1417 Certo
493 1377 661 1429 (edepol)
683 1378 896 1416 adolescens
920 1378 998 1426 ille,
1019 1378 1108 1430 quoi
1127 1391 1196 1429 ego
1214 1392 1314 1427 emo,

371 1432 538 1470 efflictim
555 1433 650 1483 perit

210 1484 309 1534 Ejus
328 1497 465 1522 amore.

357 1539 489 1575 Demi.
517 1537 648 1575 Multo
667 1537 832 1585 (hercle)
851 1537 916 1575 ille
933 1537 1054 1588 magis
1072 1550 1200 1585 senex,
1221 1538 1253 1576 si
1271 1545 1313 1577 tu

476 1591 579 1629 scias.

213 1643 332 1682 Char.
363 1643 575 1704 Nunquam
596 1643 764 1696 (edepol)
787 1643 862 1681 fuit
886 1656 1008 1695 neque
1026 1643 1090 1682 fiet
1110 1644 1175 1682 ille
1201 1657 1315 1684 senex

368 1696 532 1734 insanior

208 1748 274 1787 Ex
300 1761 440 1795 amore,
467 1763 582 1800 quam
613 1749 677 1787 ille
694 1749 919 1798 adolescens,
945 1750 1036 1802 quoi
1057 1763 1126 1801 ego
1143 1750 1192 1789 do
1215 1750 1315 1789 hanc

367 1815 532 1853 operam,
552 1810 669 1853 pater.
1234 1804 1311 1842 110

210 1857 340 1892 Demi.
362 1856 536 1905 Quiesce,
552 1857 722 1907 inquam.
750 1856 877 1894 Istanc
891 1869 971 1895 rem
986 1870 1055 1908 ego
1068 1864 1165 1895 recte
1175 1856 1316 1895 videro.

665 1910 784 1948 Char.
813 1909 919 1957 Quid
937 1911 1016 1961 agis
1029 1911 1047 1947 ἲ

940 1966 1071 2002 Demi.
1100 1963 1207 2011 Quid
1225 1970 1279 2002 est
1292 1965 1311 2002 ‚⁹

213 2015 330 2053 Char.
360 2015 452 2052 Non
470 2027 538 2065 ego
556 2015 662 2053 illam
680 2016 881 2067 mancupio
899 2017 1035 2067 accepi.

579 2071 710 2106 Demi.
742 2069 816 2107 Sed
833 2069 897 2108 ille
913 2069 1020 2107 illam
1038 2069 1180 2121 accipit.
1209 2069 1310 2109 Sine.

213 2122 330 2158 Char.
361 2122 452 2160 Non
469 2130 575 2173 potes
594 2130 636 2160 tu
654 2122 736 2174 lege
754 2122 913 2161 vendere
930 2122 1049 2161 illam.
