1435 2400
444 88 728 128 PERSA.11.
760 90 798 126 4.
1118 84 1200 123 333

90 197 147 235 At
165 209 243 236 non
259 209 347 235 sum
365 196 434 245 ita,
454 203 500 234 ut
517 202 576 243 tu,
596 195 740 246 gratiis.

465 251 560 300 Sag.
587 249 818 288 Confidens.
808 248 817 273 '

660 305 767 352 Paeg.
800 303 896 340 Sum
911 297 1087 346 (hercle)
1106 311 1207 336 vero.

87 358 194 396 Nam
212 370 283 408 ego
300 369 365 395 me
387 356 536 395 confido
560 357 724 395 liberum
752 355 846 403 fore,
874 362 916 392 tu
942 362 980 391 te
1006 364 1208 442 nunqualm

246 425 263 449 s
312 424 385 448 ras.
1179 417 1204 442 ῡ

89 466 186 515 Sag.
214 424 375 511 Ροξη’,
397 471 441 501 ut
458 463 641 502 molestus
659 476 708 502 ne
730 463 823 500 sies.
812 461 830 487 ⁹

462 518 574 567 Paeg.
602 516 720 564 Quod
738 516 846 563 diciS,
872 514 995 553 facere
1011 527 1090 553 non
1109 515 1212 568 quis.

90 572 190 622 Sag.
215 570 327 609 Abi
316 583 357 608 m
374 571 519 608 malam
535 583 629 608 rem.

305 624 418 674 Paeg.
445 624 505 661 At
523 631 566 660 tu
585 623 770 662 domum:
800 634 893 660 nam
910 621 967 660 ibi
983 623 1055 661 tibi
1072 631 1206 674 parata

409 689 508 728 pras
527 684 597 716 est.

92 733 187 783 Sag.
216 730 393 770 Vadatur
410 731 473 768 hic
491 743 566 768 me.

238 787 354 835 Paeg.
375 784 536 823 Utinam
555 783 669 822 vadoe
687 783 824 831 desint,
843 782 884 820 in
903 795 1047 822 carcere
1063 790 1109 821 ut
1127 782 1203 821 sis!

89 840 188 889 Sag.
216 838 326 886 Quid
343 839 436 876 hoc.
425 838 443 863 '³

191 894 304 942 Paeg.
331 891 440 940 Quid
458 891 541 929 eet?

298 947 396 995 Sag.
424 945 572 992 Etiam,
593 944 731 991 scelus,
751 943 854 982 male
871 943 1054 994 loquere?

680 999 792 1046 Pceg.
822 997 999 1035 Tandem
1016 1005 1062 1035 ut
1078 997 1204 1047 liceat,

88 1051 223 1100 Quom
241 1064 372 1091 servus
390 1051 455 1100 sis,
474 1064 626 1090 servum
644 1051 714 1090 tibi
731 1051 967 1088 maledicere.

691 1107 787 1155 Sag.
814 1104 952 1142 Itane?
980 1111 1120 1156 specta,
1153 1106 1208 1146 20

88 1158 197 1207 Quid
210 1157 360 1197 dedero.

192 1215 303 1262 Poeg.
331 1212 471 1251 Nihil:
503 1225 596 1251 nam
613 1212 712 1250 nihil
727 1212 858 1250 habes.

403 1269 494 1316 Sag.
522 1266 592 1304 Dii
609 1266 781 1317 Deaeque
799 1278 862 1304 me
879 1277 1012 1303 omnes
1028 1265 1205 1317 perdant,

87 1317 178 1356 Nisi
196 1326 233 1358 te
245 1319 374 1411 hegio,
394 1321 425 1359 si
443 1320 689 1372 prehendero,
703 1319 867 1370 defigam
886 1319 926 1356 in
946 1327 1087 1358 terram
1105 1319 1207 1358 cola-

85 1426 198 1476 Paeg.
224 1386 387 1465 AEmicus
417 1440 528 1472 sum3
560 1426 735 1466 eveniant
760 1425 846 1464 volo
873 1425 945 1465 tibi
971 1440 1058 1478 quae
1080 1434 1204 1478 optas,

246 1487 312 1531 atq
314 1493 363 1518 ue
380 1479 420 1518 id
439 1481 519 1518 fiat.

86 1532 152 1571 Tu
171 1545 234 1571 me
252 1493 425 1585 dgfigas?
458 1535 518 1572 Te
535 1533 637 1573 cruci
657 1532 785 1585 ipsum
809 1512 1028 1586 propediem
1047 1533 1205 1584 affigent

88 1641 182 1690 Sag.
214 1639 322 1688 Quin
336 1649 374 1679 te
393 1641 462 1679 Dii
479 1641 712 1693 Deaeque..
759 1640 870 1680 .Scis
884 1640 978 1694 quid
987 1640 1078 1679 hinc
1091 1650 1205 1692 porro

244 1694 414 1733 dicturus
431 1695 587 1743 fuerim,
1145 1695 1198 1732 25

88 1746 144 1785 Ni
162 1747 306 1798 linguae
323 1748 511 1787 moderari
526 1761 679 1801 quaem.
721 1747 821 1787 Poti’
823 1746 863 1785 n’
882 1749 1018 1786 abeas.
1006 1747 1024 1770 '³

759 1803 876 1852 Paeg.
903 1801 1046 1853 Abigis
1064 1800 1201 1839 facile:

88 1853 194 1891 Nam
214 1854 353 1892 umbra
369 1866 456 1893 mm
472 1855 578 1893 intus
591 1856 763 1917 vapulat.

394 1911 488 1957 Sag.
516 1909 600 1946 Ut
589 1918 714 1948 istunc
732 1909 801 1947 Dii
819 1908 991 1960 Deaeque
1007 1908 1197 1960 perdant!

90 1959 312 2050 Tamqulam
351 1973 572 2012 proserpens
597 1963 731 2011 besua„
759 1970 814 2001 est
841 1962 1023 2014 bilinguis
1052 1969 1090 2000 et
1122 1974 1204 2000 sce-

261 2022 374 2052 estus.

89 2065 243 2112 Hercle,
262 2067 372 2105 illum
395 2067 530 2105 abiisse
546 2067 706 2118 gaudeo.
764 2068 895 2108 For-eis
915 2068 1068 2120 aperite.
1122 2067 1200 2105 Ec-

246 2133 326 2158 cere
344 2128 488 2167 autem,

82 2171 211 2220 Quem
229 2175 427 2213 convenire
444 2185 627 2212 maxume
642 2175 858 2227 cupiebam,
873 2174 1063 2226 egreditur
1079 2173 1196 2213 intus.
