1435 2400
309 55 383 94 194
509 53 688 94 MILES
718 52 1050 94 GLORIOSUS.
1077 53 1137 93 11.
1168 54 1203 92 1.

301 160 463 209 Conjieit
481 161 520 199 in
539 174 674 200 navem
695 161 825 209 Miles,
846 162 943 199 clam
961 167 1122 199 matrem
1141 172 1264 208 suam,
1353 161 1407 198 34

299 213 476 265 Eamque
492 215 651 252 invitam
669 216 745 253 huc
758 215 955 253 mulierem
973 214 1013 251 in
1027 214 1226 264 Ephesum
1240 213 1405 252 advehit.

301 267 401 317 Ego,
422 276 607 319 quantum
628 268 735 306 vivus
754 281 922 319 possum,
942 267 1037 304 mihi
1056 279 1191 305 navem
1209 279 1315 318 paro,

301 320 379 358 Ubi
398 322 558 359 amicam
576 321 733 360 herilem
748 321 911 359 Athenis
929 328 1094 358 avectam
1115 321 1201 358 scio.

300 373 500 421 Inscend0,
524 382 568 412 ut
589 387 672 412 eam
700 387 779 412 rem
800 375 1045 425 Naupactum
1074 373 1123 411 ad
1146 373 1282 411 herum
1305 385 1407 411 nun-

460 435 563 465 tiem.

301 480 380 519 Ubi
399 493 530 518 sumus
551 480 712 531 provecti
729 480 767 517 in
788 481 924 526 altum,
943 479 984 517 id
1003 479 1105 531 quod
1123 480 1270 527 volunt,

302 533 469 583 Capiunt
487 534 680 594 praedones
699 546 834 572 navem
852 534 974 579 illam,
994 533 1061 571 ubi
1080 541 1210 571 vectus
1227 532 1296 570 fui.
1354 533 1408 570 40

300 587 412 624 Prius
430 587 537 637 perii,
558 599 671 647 quam
693 587 741 624 ad
755 587 889 624 herum
904 600 927 624 v
929 586 1003 631 eni,
1019 599 1095 638 quo
1108 587 1162 624 ire
1176 598 1407 638 occeperam.

298 640 385 686 Ille,
406 641 472 690 qui
490 653 552 678 me
570 641 680 700 cepit,
702 640 767 677 dat
784 653 846 678 me
864 640 952 677 huic
968 640 1067 677 dono
1086 640 1218 677 Militi.

301 693 379 730 Hic
396 701 596 744 postquam
615 694 654 730 in
675 693 784 731 aedeis
802 706 864 731 me
881 693 929 730 ad
947 706 985 731 se
1003 693 1114 731 duxit
1132 693 1306 741 domum,

299 745 423 784 Video
440 747 546 783 illam
566 747 726 784 amicam
744 747 916 791 herilem,
936 746 1101 784 Athenis
1119 759 1205 797 quae
1222 746 1307 784 fuit.

299 799 379 837 Ubi
398 808 525 838 contra
543 800 717 850 adspexit
733 813 808 845 me,
830 800 946 837 oculis
964 799 1059 837 mihi
1078 799 1229 850 signum
1248 799 1365 848 dedit,

300 853 365 890 Ne
383 866 421 890 se
439 853 693 903 appellarem:
724 852 871 898 deinde,
893 860 1096 903 postquam
1117 853 1259 891 occasio
1274 853 1334 901 'st,

300 906 554 956 Conqueritur
571 918 720 944 mecum
740 906 878 944 mulier
894 906 1063 944 fortunas
1081 917 1192 944 suas:
1356 905 1408 952 47

300 959 372 996 Ait
391 971 469 996 sese
486 959 661 997 Athenas
680 959 809 1009 fugere
827 972 962 1010 cupere
980 972 1027 996 ex
1045 958 1116 997 hac
1134 958 1266 1007 domu,

299 1013 387 1050 Sese
406 1012 517 1049 illum
536 1024 662 1049 amare
680 1024 810 1049 meum
828 1012 980 1059 herum,
998 1011 1163 1050 Athenis
1181 1012 1249 1063 qui
1266 1012 1364 1058 fuit;

301 1066 439 1116 Neque
467 1066 576 1115 pejus
605 1077 839 1116 quemquam
869 1065 1004 1111 odisse,
1033 1078 1150 1116 quam
1178 1065 1295 1104 istum
1321 1066 1407 1104 Mi-

456 1118 576 1156 litem.
1354 1122 1407 1159 50

298 1171 399 1222 Ego,
419 1172 600 1222 quoniam
619 1171 766 1223 inspexi
784 1171 953 1209 mulieris
971 1172 1210 1220 sententiam,

299 1225 394 1275 Cepi
414 1225 579 1267 tabellas,
599 1225 816 1276 consignavi
833 1225 1073 1263 clanculum:

299 1278 401 1315 Dedi
420 1279 629 1326 mercatori,
649 1279 716 1329 qui
734 1278 783 1316 ad
800 1278 912 1316 illum
930 1279 1073 1317 deferat

299 1331 438 1369 Meum
465 1331 614 1380 herum,
642 1333 709 1383 qui
728 1331 895 1369 Athenis
918 1331 1055 1379 fuerat,
1082 1332 1150 1383 qui
1176 1331 1274 1370 hanc
1299 1345 1406 1372 ama-

459 1392 575 1432 verat,

300 1438 355 1476 Ut
372 1437 405 1475 is
423 1437 498 1475 huc
516 1438 671 1476 veniret.
728 1438 768 1476 Is
785 1450 862 1475 non
881 1439 1020 1488 sprevit
1037 1437 1243 1483 nuntium,
1232 1451 1243 1462 ·
1354 1442 1406 1478 55

299 1492 406 1529 Nam
425 1498 462 1528 et
479 1491 595 1538 venit,
617 1499 653 1529 et
669 1490 702 1529 is
719 1491 760 1528 in
779 1504 967 1542 proxumo
984 1492 1049 1529 hic
1068 1491 1275 1530 devm-titur

296 1544 419 1594 Apud
439 1556 552 1581 suum
571 1552 771 1594 paternum
790 1545 992 1595 hospitem,
1011 1544 1183 1601 lepidum
1202 1557 1342 1585 senem.

299 1597 437 1647 Itaque
454 1597 518 1635 ille
537 1598 682 1635 amanti
699 1610 769 1635 suo
787 1598 926 1647 hospiti
942 1610 1086 1636 morem
1105 1593 1226 1649 gerit;

296 1651 455 1700 Nosque
474 1663 585 1701 opera
603 1651 833 1711 consilioque
851 1651 1083 1697 adhortatur,
1099 1652 1222 1700 juvat.

298 1704 436 1754 Itaque
455 1716 523 1753 ego
540 1704 670 1754 paravi
687 1704 751 1742 hic
767 1705 871 1742 intus
889 1717 1047 1755 magnas
1064 1706 1274 1753 machinas,
1355 1707 1408 1746 60

299 1756 382 1803 Qui
402 1757 584 1794 amanteis
601 1757 680 1795 una
697 1757 794 1795 inter
812 1771 850 1794 se
868 1757 1028 1796 facerem
1049 1771 1244 1797 convenas.

298 1810 404 1847 Nam
422 1822 544 1847 unum
564 1810 752 1855 conclave,
773 1811 990 1849 concubinae
1008 1811 1111 1863 quod
1130 1812 1233 1850 dedit

296 1863 428 1909 Miles,
448 1875 524 1913 quo
544 1875 655 1901 nemo
673 1864 745 1902 nisi
763 1877 873 1915 eapse
890 1864 1043 1903 inferret
1060 1865 1211 1916 pedem,

297 1916 347 1953 In
366 1929 409 1954 eo
428 1917 594 1954 conclavi
613 1930 684 1967 ego
701 1918 846 1968 perfodi
862 1918 1058 1968 parietem,

296 1969 388 2016 Qua
407 1979 638 2008 commeatus
658 1978 752 2009 esset
769 1971 859 2009 hinc
876 1972 951 2009 huc
968 1971 1133 2010 mulieri.
1349 1974 1401 2012 65

296 2022 366 2068 Et,
387 2035 473 2060 sene
491 2023 641 2071 sciente,
661 2024 733 2062 hoc
749 2024 844 2062 feci:
873 2025 905 2062 is
924 2025 1123 2064 consilium
1140 2024 1267 2064 dedit.

299 2076 404 2113 Nam
422 2089 529 2114 meus
548 2089 747 2115 conservus
766 2086 822 2115 est
839 2078 954 2116 homo
972 2078 1077 2117 haud
1093 2079 1224 2130 magni
1241 2081 1354 2132 preti,

301 2129 429 2176 Quem
449 2131 667 2168 concubinae
685 2131 802 2169 Miles
822 2131 1014 2170 custodem
1032 2132 1189 2171 addidit.
