1435 2400
226 75 303 113 344
604 71 800 112 PERSA.
829 72 904 111 IV.
933 73 972 111 3.

461 180 587 217 Dord.
616 179 696 218 Ubi
714 192 816 218 nunc
834 179 898 217 ille
919 180 967 217 'st
983 177 1130 230 hospes,
1150 179 1217 231 qui
1234 179 1344 218 hasce

576 233 730 271 attulit?
1289 234 1342 272 60

234 288 328 326 Tox.
347 287 375 325 J
378 298 440 324 am
459 285 523 324 hie
544 286 688 337 (credo)
708 285 851 324 aderit:
873 286 1023 324 arcessit
1039 286 1146 325 illam
1164 299 1188 324 a
1204 286 1303 324 navi.

821 341 948 377 Dord.
978 339 1091 377 Nihil
1107 339 1203 377 mihi
1222 339 1349 390 opu'st

232 393 401 438 Litibus‚
425 405 548 444 neque
573 393 698 438 tricis3
729 405 848 444 quam
871 394 920 431 ob
948 405 1030 430 rem
1056 405 1125 444 ego
1147 401 1350 443 argentum

395 459 594 484 numerem
613 446 725 484 foras.

235 500 323 538 Nisi
357 500 562 550 mancupio
597 499 755 551 accipio,
789 499 883 551 quid
916 512 960 538 eo
991 499 1088 537 mihi
1122 511 1220 550 opus
1251 511 1350 537 mer-

396 553 587 591 cimonio.
577 554 595 581 ⁹

238 609 327 645 Tor
357 606 472 644 Tace'
476 605 529 653 n’,
555 618 604 644 an
623 618 698 643 non
718 608 847 644 taces?
891 607 1107 657 Nunquam
1125 618 1196 657 ego
1218 612 1255 644 te
1273 612 1353 645 tam

394 672 472 697 esse
490 660 678 697 matulam
697 659 848 698 credidi.

238 712 346 758 Quid
366 712 505 751 metuis
519 715 536 749 Ρ

420 767 546 804 Dord.
577 766 714 804 Metuo
736 765 905 817 (hercle)
926 779 1038 805 vero:
1069 767 1167 805 sensi
1185 780 1255 819 ego
1269 768 1352 817 jam

526 820 752 869 compluries
769 835 779 857 ι
1299 822 1350 859 65

236 873 374 924 Neque
404 872 499 909 mihi
528 873 633 910 haud
661 872 837 924 imperito
855 873 1014 923 eveniet,
1043 874 1110 912 tali
1137 882 1181 912 ut
1204 873 1245 912 in
1271 874 1353 913 lum

397 925 575 964 haeream.

244 981 341 1017 Tar.
369 979 480 1017 Nihil
499 979 658 1030 periculi
676 979 835 1017 videtur.

599 1034 725 1070 Dord.
754 1033 839 1070 Scio
858 1033 981 1078 istuc;
1012 1033 1079 1072 sed
1097 1041 1226 1072 metuo
1243 1034 1352 1073 mihi.

240 1089 336 1125 Tox.
367 1085 462 1124 Mea
481 1085 638 1137 quidem
657 1087 755 1125 istuc
773 1085 870 1124 nihil
893 1087 1030 1134 refert;
1059 1087 1126 1125 tu&
1145 1100 1214 1139 ego
1231 1088 1350 1127 refero

447 1141 538 1187 aniz,

237 1194 294 1232 Ut
313 1192 383 1230 tibi
401 1153 499 1231 {cte
520 1193 745 1232 conciliandi
762 1194 887 1244 primo
905 1193 1066 1233 facerem
1085 1195 1247 1246 copiam.

238 1247 365 1285 Dord.
398 1246 571 1284 Gratiam
598 1247 744 1285 habeo:
776 1247 841 1286 sed
863 1255 900 1285 te
922 1247 969 1285 de
993 1249 1092 1298 aliis,
1119 1262 1236 1300 quam
1259 1248 1354 1287 alios

401 1300 447 1338 de
465 1309 501 1338 te
519 1301 705 1339 suaviu'st
1301 1303 1355 1347 70

241 1352 344 1391 Fieri
364 1352 504 1392 doctos.

423 1409 518 1445 Tox.
545 1407 608 1446 Ne
627 1407 712 1459 quis
732 1419 818 1447 vero
837 1420 885 1446 ex
902 1408 1089 1447 Barbaria
1106 1408 1355 1461 penitissuma

238 1461 507 1512 Persequatur.
561 1460 693 1500 Etiam
713 1470 756 1500 tu
774 1461 882 1500 illam
900 1462 1094 1500 destinas?

899 1517 1028 1554 Dord.
1055 1515 1221 1554 Videam
1239 1516 1354 1556 modo

237 1567 551 1606 Mereimonium.

391 1623 486 1660 Tox.
517 1622 650 1673 AEqua
667 1621 772 1661 dicis.
825 1621 902 1661 Sed
919 1629 1089 1673 optume,
1108 1635 1254 1672 eccum,
1272 1623 1354 1676 ipse

512 1675 666 1713 advenit

238 1728 391 1779 Hospes
409 1727 489 1776 ine,
508 1729 578 1779 qui
594 1729 664 1766 has
683 1728 839 1767 tabellas
857 1729 998 1766 attulit.

772 1783 902 1821 Dord.
933 1782 1095 1822 Hiecine
1110 1781 1183 1822 'st?

1066 1838 1163 1875 Tox.
1192 1837 1271 1878 Hic
1288 1846 1355 1878 est.

239 1888 366 1926 Dord.
396 1887 577 1927 Haeocine
595 1888 663 1927 illa
674 1889 722 1928 'st
739 1890 879 1929 furtiva
895 1889 1025 1940 virgo.
1015 1892 1033 1918 ⁹

638 1944 734 1981 Tox.
763 1944 888 1982 Juxta
906 1952 1033 1982 tecum
1051 1957 1159 1996 aeque
1177 1945 1277 1992 sci03
1303 1947 1354 1991 75

244 1994 334 2033 Nisi
360 1995 453 2046 quia
483 1995 653 2047 adspexi.
707 1997 905 2049 Equidem
939 1996 1110 2050 (edepol)
1142 1999 1303 2038 liberali’
1304 2008 1354 2050 st,

403 2048 576 2100 quisquis
596 2058 663 2088 est.

243 2103 371 2143 Dord.
397 2103 466 2143 Sat
482 2103 654 2157 (edepol)
670 2105 854 2144 concinna
869 2106 918 2144 'st
934 2104 1040 2144 facie
