<?xml version="1.0" encoding="UTF-8"?>
<!DOCTYPE html PUBLIC "-//W3C//DTD XHTML 1.0 Transitional//EN"
    "http://www.w3.org/TR/xhtml1/DTD/xhtml1-transitional.dtd">
<html xmlns="http://www.w3.org/1999/xhtml" xml:lang="en" lang="en">
 <head>
  <title>
</title>
<meta http-equiv="Content-Type" content="text/html;charset=utf-8" />
  <meta name='ocr-system' content='tesseract 3.04.00' />
  <meta name='ocr-capabilities' content='ocr_page ocr_carea ocr_par ocr_line ocrx_word'/>
</head>
<body>
  <div class='ocr_page' id='page_1' title='image "./comoediaesupers02plauuoft_0124.png"; bbox 0 0 1435 2400; ppageno 0'>
   <div class='ocr_carea' id='block_1_1' title="bbox 175 81 992 122">
    <p class='ocr_par' dir='ltr' id='par_1_1' title="bbox 175 81 992 122">
     <span class='ocr_line' id='line_1_1' title="bbox 175 81 992 122; baseline 0.001 -3"><span class='ocrx_word' id='word_1_1' title='bbox 175 83 247 120; x_wconf 81' lang='lat'><strong>116</strong></span> <span class='ocrx_word' id='word_1_2' title='bbox 456 81 847 122; x_wconf 79' lang='lat' dir='ltr'><strong>MENAECHMEI.</strong></span> <span class='ocrx_word' id='word_1_3' title='bbox 877 83 928 121; x_wconf 90' lang='lat' dir='ltr'><strong>V.</strong></span> <span class='ocrx_word' id='word_1_4' title='bbox 954 86 992 121; x_wconf 83' lang='lat'><strong>2.</strong></span> 
     </span>
    </p>
   </div>
   <div class='ocr_carea' id='block_1_2' title="bbox 149 187 1267 2194">
    <p class='ocr_par' dir='ltr' id='par_1_2' title="bbox 149 187 1267 2194">
     <span class='ocr_line' id='line_1_2' title="bbox 161 187 1267 241; baseline 0.001 -15"><span class='ocrx_word' id='word_1_5' title='bbox 161 189 201 226; x_wconf 92' lang='lat' dir='ltr'>N</span> <span class='ocrx_word' id='word_1_6' title='bbox 204 201 244 226; x_wconf 93' lang='lat' dir='ltr'><strong>ec</strong></span> <span class='ocrx_word' id='word_1_7' title='bbox 265 187 366 239; x_wconf 89' lang='lat' dir='ltr'><strong>(pol)</strong></span> <span class='ocrx_word' id='word_1_8' title='bbox 386 189 465 226; x_wconf 91' lang='lat' dir='ltr'><strong>filia</strong></span> <span class='ocrx_word' id='word_1_9' title='bbox 482 202 653 240; x_wconf 90' lang='lat' dir='ltr'><strong>unquam</strong></span> <span class='ocrx_word' id='word_1_10' title='bbox 672 197 818 241; x_wconf 89' lang='lat' dir='ltr'><strong>patrem</strong></span> <span class='ocrx_word' id='word_1_11' title='bbox 835 189 986 228; x_wconf 67' lang='lat' dir='ltr'><strong>arcaesit</strong></span> <span class='ocrx_word' id='word_1_12' title='bbox 1004 189 1052 227; x_wconf 87' lang='lat' dir='ltr'><strong>ad</strong></span> <span class='ocrx_word' id='word_1_13' title='bbox 1070 202 1122 237; x_wconf 87' lang='lat' dir='ltr'><strong>se,</strong></span> <span class='ocrx_word' id='word_1_14' title='bbox 1213 192 1267 228; x_wconf 80' lang='lat'><strong>20</strong></span> 
     </span>
     <span class='ocr_line' id='line_1_3' title="bbox 160 241 1103 293; baseline 0 -15"><span class='ocrx_word' id='word_1_15' title='bbox 160 241 249 278; x_wconf 85' lang='lat' dir='ltr'><strong>Nisi</strong></span> <span class='ocrx_word' id='word_1_16' title='bbox 267 251 334 279; x_wconf 89' lang='lat' dir='ltr'><strong>aut</strong></span> <span class='ocrx_word' id='word_1_17' title='bbox 351 243 444 292; x_wconf 90' lang='lat' dir='ltr'><strong>quid</strong></span> <span class='ocrx_word' id='word_1_18' title='bbox 463 243 667 290; x_wconf 87' lang='lat' dir='ltr'>commissi,</span> <span class='ocrx_word' id='word_1_19' title='bbox 687 251 754 281; x_wconf 88' lang='lat' dir='ltr'><strong>aut</strong></span> <span class='ocrx_word' id='word_1_20' title='bbox 768 244 888 293; x_wconf 73' lang='lat' dir='ltr'><strong>jurgi,</strong></span> <span class='ocrx_word' id='word_1_21' title='bbox 907 249 962 281; x_wconf 92' lang='lat' dir='ltr'><strong>est</strong></span> <span class='ocrx_word' id='word_1_22' title='bbox 980 255 1103 280; x_wconf 89' lang='lat' dir='ltr'><strong>causa.</strong></span> 
     </span>
     <span class='ocr_line' id='line_1_4' title="bbox 158 295 1261 347; baseline 0.002 -16"><span class='ocrx_word' id='word_1_23' title='bbox 158 295 246 341; x_wconf 88' lang='lat' dir='ltr'><strong>Sed,</strong></span> <span class='ocrx_word' id='word_1_24' title='bbox 286 295 472 346; x_wconf 90' lang='lat' dir='ltr'><strong>quidquid</strong></span> <span class='ocrx_word' id='word_1_25' title='bbox 511 295 550 333; x_wconf 94' lang='lat' dir='ltr'><strong>id</strong></span> <span class='ocrx_word' id='word_1_26' title='bbox 578 303 645 344; x_wconf 64' lang='lat' dir='ltr'><strong>oet,</strong></span> <span class='ocrx_word' id='word_1_27' title='bbox 679 297 761 345; x_wconf 90' lang='lat' dir='ltr'><strong>jam</strong></span> <span class='ocrx_word' id='word_1_28' title='bbox 793 296 922 334; x_wconf 86' lang='lat' dir='ltr'><strong>sciam.</strong></span> <span class='ocrx_word' id='word_1_29' title='bbox 975 296 1108 347; x_wconf 88' lang='lat' dir='ltr'><strong>Atque</strong></span> <span class='ocrx_word' id='word_1_30' title='bbox 1136 307 1261 334; x_wconf 84' lang='lat' dir='ltr'><strong>eccam</strong></span> 
     </span>
     <span class='ocr_line' id='line_1_5' title="bbox 319 361 470 386; baseline 0.007 -1"><span class='ocrx_word' id='word_1_31' title='bbox 319 361 399 386; x_wconf 88' lang='lat' dir='ltr'><strong>eam</strong></span> <span class='ocrx_word' id='word_1_32' title='bbox 451 362 470 386; x_wconf 94' lang='lat' dir='ltr'><strong>e</strong></span> 
     </span>
     <span class='ocr_line' id='line_1_6' title="bbox 159 362 1009 450; baseline 0.005 -13"><span class='ocrx_word' id='word_1_33' title='bbox 159 401 266 438; x_wconf 87' lang='lat' dir='ltr'><strong>Ante</strong></span> <span class='ocrx_word' id='word_1_34' title='bbox 284 362 465 448; x_wconf 60' lang='lat' dir='ltr'><strong>aedeis,P{t</strong></span> <span class='ocrx_word' id='word_1_35' title='bbox 483 403 563 450; x_wconf 89' lang='lat' dir='ltr'><strong>ejus</strong></span> <span class='ocrx_word' id='word_1_36' title='bbox 581 402 726 440; x_wconf 80' lang='lat' dir='ltr'><strong>tristem</strong></span> <span class='ocrx_word' id='word_1_37' title='bbox 746 403 870 441; x_wconf 87' lang='lat' dir='ltr'><strong>virum</strong></span> <span class='ocrx_word' id='word_1_38' title='bbox 889 401 1009 442; x_wconf 78' lang='lat' dir='ltr'><strong>video,</strong></span> 
     </span>
     <span class='ocr_line' id='line_1_7' title="bbox 159 453 664 506; baseline 0.006 -16"><span class='ocrx_word' id='word_1_39' title='bbox 159 453 208 490; x_wconf 92' lang='lat' dir='ltr'><strong>Id</strong></span> <span class='ocrx_word' id='word_1_40' title='bbox 228 461 295 500; x_wconf 87' lang='lat' dir='ltr'><strong>est,</strong></span> <span class='ocrx_word' id='word_1_41' title='bbox 316 454 417 504; x_wconf 91' lang='lat' dir='ltr'><strong>quod</strong></span> <span class='ocrx_word' id='word_1_42' title='bbox 437 455 664 506; x_wconf 89' lang='lat' dir='ltr'><strong>suspicabar.</strong></span> 
     </span>
     <span class='ocr_line' id='line_1_8' title="bbox 159 507 910 561; baseline 0.005 -18"><span class='ocrx_word' id='word_1_43' title='bbox 159 507 378 558; x_wconf 90' lang='lat' dir='ltr'><strong>Appellabo</strong></span> <span class='ocrx_word' id='word_1_44' title='bbox 395 508 504 546; x_wconf 83' lang='lat' dir='ltr'><strong>hanc.</strong></span> <span class='ocrx_word' id='word_1_45' title='bbox 908 559 910 561; x_wconf 21' lang='grc' dir='ltr'>Ι</span> 
     </span>
     <span class='ocr_line' id='line_1_9' title="bbox 255 560 1259 611; baseline 0.002 -15"><span class='ocrx_word' id='word_1_46' title='bbox 255 562 362 597; x_wconf 82' lang='lat' dir='ltr'><em>Mul.</em></span> <span class='ocrx_word' id='word_1_47' title='bbox 393 561 464 598; x_wconf 92' lang='lat' dir='ltr'><strong>Ibo</strong></span> <span class='ocrx_word' id='word_1_48' title='bbox 481 561 695 599; x_wconf 88' lang='lat' dir='ltr'><strong>advorsum.</strong></span> <span class='ocrx_word' id='word_1_49' title='bbox 735 562 847 600; x_wconf 87' lang='lat' dir='ltr'><strong>Salve</strong></span> <span class='ocrx_word' id='word_1_50' title='bbox 864 561 1048 607; x_wconf 89' lang='lat' dir='ltr'><strong>multum,</strong></span> <span class='ocrx_word' id='word_1_51' title='bbox 1068 560 1123 597; x_wconf 87' lang='lat' dir='ltr'><strong>mi</strong></span> <span class='ocrx_word' id='word_1_52' title='bbox 1141 567 1259 611; x_wconf 88' lang='lat' dir='ltr'><strong>pater.</strong></span> 
     </span>
     <span class='ocr_line' id='line_1_10' title="bbox 159 613 1262 654; baseline -0.001 -2"><span class='ocrx_word' id='word_1_53' title='bbox 159 615 249 652; x_wconf 84' lang='lat' dir='ltr'><strong>Sen.</strong></span> <span class='ocrx_word' id='word_1_54' title='bbox 288 613 402 652; x_wconf 88' lang='lat' dir='ltr'><strong>Salva</strong></span> <span class='ocrx_word' id='word_1_55' title='bbox 434 614 495 652; x_wconf 91' lang='lat' dir='ltr'><strong>sis.</strong></span> <span class='ocrx_word' id='word_1_56' title='bbox 546 614 696 654; x_wconf 88' lang='lat' dir='ltr'><strong>Salven&#39;</strong></span> <span class='ocrx_word' id='word_1_57' title='bbox 728 614 916 653; x_wconf 84' lang='lat' dir='ltr'><strong>advenio?</strong></span> <span class='ocrx_word' id='word_1_58' title='bbox 956 614 1099 652; x_wconf 89' lang='lat' dir='ltr'><strong>salven&#39;</strong></span> <span class='ocrx_word' id='word_1_59' title='bbox 1128 615 1262 652; x_wconf 84' lang='lat' dir='ltr'><strong>arcessi</strong></span> 
     </span>
     <span class='ocr_line' id='line_1_11' title="bbox 315 667 1263 704; baseline 0 0"><span class='ocrx_word' id='word_1_60' title='bbox 315 667 420 704; x_wconf 82' lang='lat' dir='ltr'><strong>&#39;ubes</strong></span> <span class='ocrx_word' id='word_1_61' title='bbox 434 669 452 704; x_wconf 83' lang='lat'>?</span> <span class='ocrx_word' id='word_1_62' title='bbox 1209 668 1263 704; x_wconf 82' lang='lat'><strong>26</strong></span> 
     </span>
     <span class='ocr_line' id='line_1_12' title="bbox 157 680 1266 772; baseline 0.003 -17"><span class='ocrx_word' id='word_1_63' title='bbox 157 717 265 766; x_wconf 85' lang='lat' dir='ltr'>Quid</span> <span class='ocrx_word' id='word_1_64' title='bbox 284 680 326 756; x_wconf 72' lang='lat' dir='ltr'><strong>td</strong></span> <span class='ocrx_word' id='word_1_65' title='bbox 345 719 460 758; x_wconf 86' lang='lat' dir='ltr'><strong>tristis</strong></span> <span class='ocrx_word' id='word_1_66' title='bbox 477 721 545 758; x_wconf 82' lang='lat' dir='ltr'><strong>es?</strong></span> <span class='ocrx_word' id='word_1_67' title='bbox 576 720 669 772; x_wconf 91' lang='lat' dir='ltr'><strong>quid</strong></span> <span class='ocrx_word' id='word_1_68' title='bbox 687 721 751 759; x_wconf 89' lang='lat' dir='ltr'><strong>ille</strong></span> <span class='ocrx_word' id='word_1_69' title='bbox 769 728 896 759; x_wconf 81' lang='lat' dir='ltr'><strong>autem</strong></span> <span class='ocrx_word' id='word_1_70' title='bbox 923 722 989 758; x_wconf 89' lang='lat' dir='ltr'><strong>abs</strong></span> <span class='ocrx_word' id='word_1_71' title='bbox 1008 727 1043 758; x_wconf 82' lang='lat' dir='ltr'><strong>te</strong></span> <span class='ocrx_word' id='word_1_72' title='bbox 1062 720 1180 758; x_wconf 90' lang='lat' dir='ltr'><strong>iratus</strong></span> <span class='ocrx_word' id='word_1_73' title='bbox 1197 719 1266 758; x_wconf 87' lang='lat' dir='ltr'><strong>de-</strong></span> 
     </span>
     <span class='ocr_line' id='line_1_13' title="bbox 315 772 441 810; baseline -0.008 0"><span class='ocrx_word' id='word_1_74' title='bbox 315 772 408 810; x_wconf 84' lang='lat' dir='ltr'><strong>stitit</strong></span> <span class='ocrx_word' id='word_1_75' title='bbox 423 773 441 809; x_wconf 81' lang='lat'><strong>?</strong></span> 
     </span>
     <span class='ocr_line' id='line_1_14' title="bbox 156 824 1077 876; baseline 0.002 -15"><span class='ocrx_word' id='word_1_76' title='bbox 156 824 406 876; x_wconf 86' lang='lat' dir='ltr'><strong>Nescio-quid</strong></span> <span class='ocrx_word' id='word_1_77' title='bbox 424 839 489 864; x_wconf 90' lang='lat' dir='ltr'><strong>vos</strong></span> <span class='ocrx_word' id='word_1_78' title='bbox 506 826 648 864; x_wconf 77' lang='lat' dir='ltr'><strong>velitati</strong></span> <span class='ocrx_word' id='word_1_79' title='bbox 667 827 754 865; x_wconf 84' lang='lat' dir='ltr'><strong>estis</strong></span> <span class='ocrx_word' id='word_1_80' title='bbox 771 827 868 865; x_wconf 90' lang='lat' dir='ltr'><strong>inter</strong></span> <span class='ocrx_word' id='word_1_81' title='bbox 887 839 952 865; x_wconf 86' lang='lat' dir='ltr'><strong>vos</strong></span> <span class='ocrx_word' id='word_1_82' title='bbox 969 826 1077 864; x_wconf 88' lang='lat' dir='ltr'><strong>duos.</strong></span> 
     </span>
     <span class='ocr_line' id='line_1_15' title="bbox 154 877 1262 932; baseline 0.003 -18"><span class='ocrx_word' id='word_1_83' title='bbox 154 877 342 928; x_wconf 87' lang='lat' dir='ltr'><strong>Loquere,</strong></span> <span class='ocrx_word' id='word_1_84' title='bbox 362 886 446 916; x_wconf 89' lang='lat' dir='ltr'><strong>uter</strong></span> <span class='ocrx_word' id='word_1_85' title='bbox 464 879 653 918; x_wconf 87' lang='lat' dir='ltr'><strong>meruistis</strong></span> <span class='ocrx_word' id='word_1_86' title='bbox 672 880 839 932; x_wconf 86' lang='lat' dir='ltr'><strong>eulpam,</strong></span> <span class='ocrx_word' id='word_1_87' title='bbox 859 880 1013 931; x_wconf 87' lang='lat' dir='ltr'><strong>paucis;</strong></span> <span class='ocrx_word' id='word_1_88' title='bbox 1035 890 1111 917; x_wconf 86' lang='lat' dir='ltr'><strong>non</strong></span> <span class='ocrx_word' id='word_1_89' title='bbox 1129 879 1262 930; x_wconf 83' lang='lat' dir='ltr'><strong>longos</strong></span> 
     </span>
     <span class='ocr_line' id='line_1_16' title="bbox 311 931 429 969; baseline 0 -2"><span class='ocrx_word' id='word_1_90' title='bbox 311 931 429 969; x_wconf 67' lang='lat' dir='ltr'><strong>locos.</strong></span> 
     </span>
     <span class='ocr_line' id='line_1_17' title="bbox 155 963 1263 1037; baseline 0.003 -17"><span class='ocrx_word' id='word_1_91' title='bbox 155 985 264 1021; x_wconf 77' lang='lat' dir='ltr'><em>Mul.</em></span> <span class='ocrx_word' id='word_1_92' title='bbox 302 985 343 1021; x_wconf 90' lang='lat' dir='ltr'><strong>N</strong></span> <span class='ocrx_word' id='word_1_93' title='bbox 348 963 510 1035; x_wconf 47' lang='lat' dir='ltr'><strong>{isquam</strong></span> <span class='ocrx_word' id='word_1_94' title='bbox 543 985 719 1035; x_wconf 87' lang='lat' dir='ltr'><strong>equidem</strong></span> <span class='ocrx_word' id='word_1_95' title='bbox 744 986 955 1037; x_wconf 86' lang='lat' dir='ltr'><strong>quidquam</strong></span> <span class='ocrx_word' id='word_1_96' title='bbox 984 985 1150 1036; x_wconf 82' lang='lat' dir='ltr'><strong>deliqui:</strong></span> <span class='ocrx_word' id='word_1_97' title='bbox 1191 985 1263 1023; x_wconf 89' lang='lat' dir='ltr'><strong>hoc</strong></span> 
     </span>
     <span class='ocr_line' id='line_1_18' title="bbox 310 1037 1262 1089; baseline 0.003 -16"><span class='ocrx_word' id='word_1_98' title='bbox 310 1037 478 1087; x_wconf 89' lang='lat' dir='ltr'><strong>primum</strong></span> <span class='ocrx_word' id='word_1_99' title='bbox 497 1045 533 1074; x_wconf 92' lang='lat' dir='ltr'><strong>te</strong></span> <span class='ocrx_word' id='word_1_100' title='bbox 552 1039 716 1086; x_wconf 87' lang='lat' dir='ltr'><strong>absolvo,</strong></span> <span class='ocrx_word' id='word_1_101' title='bbox 735 1047 854 1089; x_wconf 89' lang='lat' dir='ltr'><strong>pater.</strong></span> <span class='ocrx_word' id='word_1_102' title='bbox 1209 1038 1262 1076; x_wconf 88' lang='lat'><strong>30</strong></span> 
     </span>
     <span class='ocr_line' id='line_1_19' title="bbox 154 1090 1261 1143; baseline 0.002 -16"><span class='ocrx_word' id='word_1_103' title='bbox 154 1090 301 1128; x_wconf 87' lang='lat' dir='ltr'><strong>Verum</strong></span> <span class='ocrx_word' id='word_1_104' title='bbox 329 1090 453 1127; x_wconf 91' lang='lat' dir='ltr'><strong>vivere</strong></span> <span class='ocrx_word' id='word_1_105' title='bbox 479 1090 543 1128; x_wconf 73' lang='lat' dir='ltr'><strong>hic</strong></span> <span class='ocrx_word' id='word_1_106' title='bbox 569 1103 645 1128; x_wconf 91' lang='lat' dir='ltr'><strong>non</strong></span> <span class='ocrx_word' id='word_1_107' title='bbox 664 1104 834 1143; x_wconf 89' lang='lat' dir='ltr'><strong>possum,</strong></span> <span class='ocrx_word' id='word_1_108' title='bbox 864 1102 988 1143; x_wconf 82' lang='lat' dir='ltr'><strong>neque</strong></span> <span class='ocrx_word' id='word_1_109' title='bbox 1015 1091 1149 1129; x_wconf 89' lang='lat' dir='ltr'><strong>durare</strong></span> <span class='ocrx_word' id='word_1_110' title='bbox 1180 1090 1261 1129; x_wconf 87' lang='lat' dir='ltr'><strong>ullo</strong></span> 
     </span>
     <span class='ocr_line' id='line_1_20' title="bbox 312 1143 438 1181; baseline 0.008 -1"><span class='ocrx_word' id='word_1_111' title='bbox 312 1143 438 1181; x_wconf 87' lang='lat' dir='ltr'><strong>modo.</strong></span> 
     </span>
     <span class='ocr_line' id='line_1_21' title="bbox 156 1195 718 1236; baseline 0.005 -3"><span class='ocrx_word' id='word_1_112' title='bbox 156 1195 271 1234; x_wconf 89' lang='lat' dir='ltr'><strong>Proin</strong></span> <span class='ocrx_word' id='word_1_113' title='bbox 292 1202 334 1234; x_wconf 85' lang='lat' dir='ltr'><strong>tu</strong></span> <span class='ocrx_word' id='word_1_114' title='bbox 353 1208 416 1234; x_wconf 91' lang='lat' dir='ltr'><strong>me</strong></span> <span class='ocrx_word' id='word_1_115' title='bbox 433 1197 523 1236; x_wconf 88' lang='lat' dir='ltr'><strong>hinc</strong></span> <span class='ocrx_word' id='word_1_116' title='bbox 539 1197 718 1236; x_wconf 86' lang='lat' dir='ltr'><strong>abducas.</strong></span> 
     </span>
     <span class='ocr_line' id='line_1_22' title="bbox 455 1251 1044 1299; baseline 0 -10"><span class='ocrx_word' id='word_1_117' title='bbox 455 1252 545 1289; x_wconf 84' lang='lat' dir='ltr'><strong>Sen.</strong></span> <span class='ocrx_word' id='word_1_118' title='bbox 571 1251 681 1299; x_wconf 88' lang='lat' dir='ltr'><strong>Quid</strong></span> <span class='ocrx_word' id='word_1_119' title='bbox 694 1251 790 1290; x_wconf 84' lang='lat' dir='ltr'><strong>istuc</strong></span> <span class='ocrx_word' id='word_1_120' title='bbox 808 1257 936 1290; x_wconf 72' lang='lat' dir='ltr'><strong>autem</strong></span> <span class='ocrx_word' id='word_1_121' title='bbox 956 1258 1012 1289; x_wconf 87' lang='lat' dir='ltr'><strong>est</strong></span> <span class='ocrx_word' id='word_1_122' title='bbox 1025 1253 1044 1289; x_wconf 62' lang='grc' dir='ltr'><strong>ἶ)</strong></span> 
     </span>
     <span class='ocr_line' id='line_1_23' title="bbox 784 1303 1260 1355; baseline 0.002 -13"><span class='ocrx_word' id='word_1_123' title='bbox 784 1306 894 1342; x_wconf 84' lang='lat' dir='ltr'><em>Mul.</em></span> <span class='ocrx_word' id='word_1_124' title='bbox 920 1303 1120 1349; x_wconf 88' lang='lat' dir='ltr'><strong>Ludibrio,</strong></span> <span class='ocrx_word' id='word_1_125' title='bbox 1138 1310 1260 1355; x_wconf 86' lang='lat' dir='ltr'><strong>pater,</strong></span> 
     </span>
     <span class='ocr_line' id='line_1_24' title="bbox 155 1356 326 1396; baseline 0 -2"><span class='ocrx_word' id='word_1_126' title='bbox 155 1356 326 1396; x_wconf 91' lang='lat' dir='ltr'><strong>Habeor.</strong></span> 
     </span>
     <span class='ocr_line' id='line_1_25' title="bbox 312 1409 578 1447; baseline 0 0"><span class='ocrx_word' id='word_1_127' title='bbox 312 1410 398 1447; x_wconf 83' lang='lat' dir='ltr'><strong>Sen.</strong></span> <span class='ocrx_word' id='word_1_128' title='bbox 429 1409 544 1447; x_wconf 90' lang='lat' dir='ltr'><strong>Unde</strong></span> <span class='ocrx_word' id='word_1_129' title='bbox 559 1412 578 1447; x_wconf 84' lang='lat'>?</span> 
     </span>
     <span class='ocr_line' id='line_1_26' title="bbox 512 1462 1263 1515; baseline 0.003 -15"><span class='ocrx_word' id='word_1_130' title='bbox 512 1464 624 1501; x_wconf 82' lang='lat' dir='ltr'><em>Mul.</em></span> <span class='ocrx_word' id='word_1_131' title='bbox 648 1463 716 1501; x_wconf 93' lang='lat' dir='ltr'><strong>Ab</strong></span> <span class='ocrx_word' id='word_1_132' title='bbox 734 1462 815 1510; x_wconf 85' lang='lat' dir='ltr'><strong>ino,</strong></span> <span class='ocrx_word' id='word_1_133' title='bbox 835 1464 926 1515; x_wconf 91' lang='lat' dir='ltr'><strong>quoi</strong></span> <span class='ocrx_word' id='word_1_134' title='bbox 942 1474 1005 1501; x_wconf 90' lang='lat' dir='ltr'><strong>me</strong></span> <span class='ocrx_word' id='word_1_135' title='bbox 1018 1462 1263 1511; x_wconf 84' lang='lat' dir='ltr'><strong>mandavisti,</strong></span> 
     </span>
     <span class='ocr_line' id='line_1_27' title="bbox 633 1528 834 1554; baseline -0.005 0"><span class='ocrx_word' id='word_1_136' title='bbox 633 1528 720 1554; x_wconf 89' lang='lat' dir='ltr'><strong>meo</strong></span> <span class='ocrx_word' id='word_1_137' title='bbox 741 1528 834 1554; x_wconf 76' lang='lat' dir='ltr'><strong>vno.</strong></span> 
     </span>
     <span class='ocr_line' id='line_1_28' title="bbox 150 1567 1259 1620; baseline 0.002 -15"><span class='ocrx_word' id='word_1_138' title='bbox 150 1569 240 1606; x_wconf 76' lang='lat' dir='ltr'><strong>Seu.</strong></span> <span class='ocrx_word' id='word_1_139' title='bbox 281 1567 382 1607; x_wconf 89' lang='lat' dir='ltr'><strong>Ecce</strong></span> <span class='ocrx_word' id='word_1_140' title='bbox 413 1575 542 1607; x_wconf 89' lang='lat' dir='ltr'><strong>autem</strong></span> <span class='ocrx_word' id='word_1_141' title='bbox 573 1568 739 1620; x_wconf 83' lang='lat' dir='ltr'><strong>litigium</strong></span> <span class='ocrx_word' id='word_1_142' title='bbox 755 1569 766 1606; x_wconf 69' lang='grc' dir='ltr'>ἔ</span> <span class='ocrx_word' id='word_1_143' title='bbox 802 1569 949 1620; x_wconf 88' lang='lat' dir='ltr'><strong>quoties</strong></span> <span class='ocrx_word' id='word_1_144' title='bbox 976 1568 1077 1606; x_wconf 87' lang='lat' dir='ltr'><strong>edixi</strong></span> <span class='ocrx_word' id='word_1_145' title='bbox 1104 1568 1259 1607; x_wconf 84' lang='lat' dir='ltr'><strong>tandem</strong></span> 
     </span>
     <span class='ocr_line' id='line_1_29' title="bbox 315 1622 399 1669; baseline 0 -10"><span class='ocrx_word' id='word_1_146' title='bbox 315 1622 399 1669; x_wconf 90' lang='lat' dir='ltr'><strong>tibi,</strong></span> 
     </span>
     <span class='ocr_line' id='line_1_30' title="bbox 149 1674 1258 1726; baseline 0.001 -15"><span class='ocrx_word' id='word_1_147' title='bbox 149 1675 206 1712; x_wconf 88' lang='lat' dir='ltr'><strong>Ut</strong></span> <span class='ocrx_word' id='word_1_148' title='bbox 224 1686 385 1723; x_wconf 80' lang='lat' dir='ltr'><strong>caveres,</strong></span> <span class='ocrx_word' id='word_1_149' title='bbox 405 1682 538 1714; x_wconf 87' lang='lat' dir='ltr'><strong>neuter</strong></span> <span class='ocrx_word' id='word_1_150' title='bbox 549 1676 598 1714; x_wconf 90' lang='lat' dir='ltr'><strong>ad</strong></span> <span class='ocrx_word' id='word_1_151' title='bbox 610 1688 673 1714; x_wconf 91' lang='lat' dir='ltr'><strong>me</strong></span> <span class='ocrx_word' id='word_1_152' title='bbox 690 1675 792 1714; x_wconf 91' lang='lat' dir='ltr'><strong>iretis</strong></span> <span class='ocrx_word' id='word_1_153' title='bbox 806 1688 894 1714; x_wconf 89' lang='lat' dir='ltr'><strong>cum</strong></span> <span class='ocrx_word' id='word_1_154' title='bbox 909 1674 1147 1726; x_wconf 59' lang='lat' dir='ltr'><strong>querimonia</strong></span> <span class='ocrx_word' id='word_1_155' title='bbox 1158 1675 1178 1711; x_wconf 71' lang='grc' dir='ltr'>Ρ</span> <span class='ocrx_word' id='word_1_156' title='bbox 1206 1676 1258 1712; x_wconf 89' lang='grc'><strong>35</strong></span> 
     </span>
     <span class='ocr_line' id='line_1_31' title="bbox 152 1727 1151 1781; baseline 0.002 -17"><span class='ocrx_word' id='word_1_157' title='bbox 152 1729 210 1764; x_wconf 92' lang='lat' dir='ltr'><em>M</em></span> <span class='ocrx_word' id='word_1_158' title='bbox 209 1729 260 1765; x_wconf 80' lang='lat' dir='ltr'><strong>ul.</strong></span> <span class='ocrx_word' id='word_1_159' title='bbox 293 1727 374 1772; x_wconf 75' lang='lat' dir='ltr'><strong>Qui</strong></span> <span class='ocrx_word' id='word_1_160' title='bbox 393 1741 462 1780; x_wconf 87' lang='lat' dir='ltr'><strong>ego</strong></span> <span class='ocrx_word' id='word_1_161' title='bbox 479 1729 591 1778; x_wconf 84' lang='lat' dir='ltr'><strong>istuc,</strong></span> <span class='ocrx_word' id='word_1_162' title='bbox 610 1729 666 1767; x_wconf 90' lang='lat' dir='ltr'><strong>mi</strong></span> <span class='ocrx_word' id='word_1_163' title='bbox 683 1736 803 1781; x_wconf 83' lang='lat' dir='ltr'><strong>pater,</strong></span> <span class='ocrx_word' id='word_1_164' title='bbox 823 1742 951 1768; x_wconf 87' lang='lat' dir='ltr'><strong>cavere</strong></span> <span class='ocrx_word' id='word_1_165' title='bbox 967 1741 1121 1779; x_wconf 89' lang='lat' dir='ltr'><strong>possum</strong></span> <span class='ocrx_word' id='word_1_166' title='bbox 1132 1728 1151 1763; x_wconf 63' lang='grc' dir='ltr'><strong>’ἒ</strong></span> 
     </span>
     <span class='ocr_line' id='line_1_32' title="bbox 768 1781 1257 1833; baseline 0 -13"><span class='ocrx_word' id='word_1_167' title='bbox 768 1785 858 1821; x_wconf 74' lang='lat' dir='ltr'><strong>Seu.</strong></span> <span class='ocrx_word' id='word_1_168' title='bbox 885 1782 997 1821; x_wconf 90' lang='lat' dir='ltr'><strong>Men’</strong></span> <span class='ocrx_word' id='word_1_169' title='bbox 1014 1781 1222 1833; x_wconf 84' lang='lat' dir='ltr'><strong>interrogas</strong></span> <span class='ocrx_word' id='word_1_170' title='bbox 1238 1783 1257 1820; x_wconf 74' lang='lat'><strong>‚⁹</strong></span> 
     </span>
     <span class='ocr_line' id='line_1_33' title="bbox 150 1835 557 1873; baseline 0.002 -1"><span class='ocrx_word' id='word_1_171' title='bbox 150 1835 257 1872; x_wconf 82' lang='lat' dir='ltr'><em>Mul.</em></span> <span class='ocrx_word' id='word_1_172' title='bbox 286 1835 375 1872; x_wconf 87' lang='lat' dir='ltr'><strong>Nisi</strong></span> <span class='ocrx_word' id='word_1_173' title='bbox 393 1847 471 1872; x_wconf 91' lang='lat' dir='ltr'><strong>non</strong></span> <span class='ocrx_word' id='word_1_174' title='bbox 489 1835 557 1873; x_wconf 88' lang='lat' dir='ltr'><strong>vis.</strong></span> 
     </span>
     <span class='ocr_line' id='line_1_34' title="bbox 328 1888 1261 1937; baseline -0.001 -10"><span class='ocrx_word' id='word_1_175' title='bbox 328 1890 416 1927; x_wconf 79' lang='lat' dir='ltr'><strong>Seu.</strong></span> <span class='ocrx_word' id='word_1_176' title='bbox 447 1888 610 1936; x_wconf 86' lang='lat' dir='ltr'><strong>Quoties</strong></span> <span class='ocrx_word' id='word_1_177' title='bbox 627 1889 835 1927; x_wconf 86' lang='lat' dir='ltr'><strong>monstravi</strong></span> <span class='ocrx_word' id='word_1_178' title='bbox 853 1888 936 1937; x_wconf 88' lang='lat' dir='ltr'><strong>tibi,</strong></span> <span class='ocrx_word' id='word_1_179' title='bbox 955 1889 1036 1927; x_wconf 85' lang='lat' dir='ltr'><strong>viro</strong></span> <span class='ocrx_word' id='word_1_180' title='bbox 1053 1895 1098 1926; x_wconf 92' lang='lat' dir='ltr'><strong>ut</strong></span> <span class='ocrx_word' id='word_1_181' title='bbox 1115 1900 1261 1926; x_wconf 87' lang='lat' dir='ltr'><strong>morem</strong></span> 
     </span>
     <span class='ocr_line' id='line_1_35' title="bbox 466 1942 574 1980; baseline -0.019 0"><span class='ocrx_word' id='word_1_182' title='bbox 466 1954 545 1980; x_wconf 88' lang='lat' dir='ltr'><strong>eras</strong></span> <span class='ocrx_word' id='word_1_183' title='bbox 555 1942 574 1978; x_wconf 70' lang='grc' dir='ltr'><strong>’ἐ</strong></span> 
     </span>
     <span class='ocr_line' id='line_1_36' title="bbox 151 1955 1261 2047; baseline 0.001 -16"><span class='ocrx_word' id='word_1_184' title='bbox 151 1993 259 2041; x_wconf 89' lang='lat' dir='ltr'><strong>Quid</strong></span> <span class='ocrx_word' id='word_1_185' title='bbox 276 1993 342 2032; x_wconf 85' lang='lat' dir='ltr'><strong>ille</strong></span> <span class='ocrx_word' id='word_1_186' title='bbox 360 1955 487 2043; x_wconf 74' lang='lat' dir='ltr'><strong>faciagt,</strong></span> <span class='ocrx_word' id='word_1_187' title='bbox 516 2008 565 2033; x_wconf 86' lang='lat' dir='ltr'><strong>ne</strong></span> <span class='ocrx_word' id='word_1_188' title='bbox 588 1995 630 2033; x_wconf 90' lang='lat' dir='ltr'><strong>id</strong></span> <span class='ocrx_word' id='word_1_189' title='bbox 651 1997 844 2034; x_wconf 82' lang='lat' dir='ltr'><strong>observes:</strong></span> <span class='ocrx_word' id='word_1_190' title='bbox 874 2009 951 2047; x_wconf 93' lang='lat' dir='ltr'><strong>quo</strong></span> <span class='ocrx_word' id='word_1_191' title='bbox 973 2001 1058 2042; x_wconf 79' lang='lat' dir='ltr'><strong>eat3</strong></span> <span class='ocrx_word' id='word_1_192' title='bbox 1086 1994 1181 2046; x_wconf 89' lang='lat' dir='ltr'><strong>quid</strong></span> <span class='ocrx_word' id='word_1_193' title='bbox 1204 2007 1261 2033; x_wconf 86' lang='lat' dir='ltr'><strong>re-</strong></span> 
     </span>
     <span class='ocr_line' id='line_1_37' title="bbox 310 2055 536 2098; baseline 0.004 -12"><span class='ocrx_word' id='word_1_194' title='bbox 310 2060 398 2086; x_wconf 87' lang='lat' dir='ltr'><strong>rum</strong></span> <span class='ocrx_word' id='word_1_195' title='bbox 417 2055 536 2098; x_wconf 87' lang='lat' dir='ltr'><strong>gerat.</strong></span> 
     </span>
     <span class='ocr_line' id='line_1_38' title="bbox 150 2101 1262 2152; baseline 0.001 -14"><span class='ocrx_word' id='word_1_196' title='bbox 150 2102 261 2139; x_wconf 81' lang='lat' dir='ltr'><em>Mul.</em></span> <span class='ocrx_word' id='word_1_197' title='bbox 285 2101 344 2140; x_wconf 88' lang='lat' dir='ltr'><strong>At</strong></span> <span class='ocrx_word' id='word_1_198' title='bbox 367 2101 469 2140; x_wconf 90' lang='lat' dir='ltr'><strong>enim</strong></span> <span class='ocrx_word' id='word_1_199' title='bbox 491 2101 557 2141; x_wconf 77' lang='lat' dir='ltr'><strong>isse</strong></span> <span class='ocrx_word' id='word_1_200' title='bbox 579 2101 670 2141; x_wconf 85' lang='lat' dir='ltr'><strong>hinc</strong></span> <span class='ocrx_word' id='word_1_201' title='bbox 693 2111 797 2142; x_wconf 88' lang='lat' dir='ltr'><strong>amat</strong></span> <span class='ocrx_word' id='word_1_202' title='bbox 818 2103 1050 2143; x_wconf 84' lang='lat' dir='ltr'><strong>meretricem</strong></span> <span class='ocrx_word' id='word_1_203' title='bbox 1075 2113 1124 2141; x_wconf 83' lang='lat' dir='ltr'><strong>ex</strong></span> <span class='ocrx_word' id='word_1_204' title='bbox 1146 2112 1262 2152; x_wconf 85' lang='lat' dir='ltr'><strong>prox-</strong></span> 
     </span>
     <span class='ocr_line' id='line_1_39' title="bbox 310 2166 413 2194; baseline 0.019 -2"><span class='ocrx_word' id='word_1_205' title='bbox 310 2166 413 2194; x_wconf 89' lang='lat' dir='ltr'><strong>umo.</strong></span> 
     </span>
    </p>
   </div>
  </div>
 </body>
</html>
