<?xml version="1.0" encoding="UTF-8"?>
<!DOCTYPE html PUBLIC "-//W3C//DTD XHTML 1.0 Transitional//EN"
    "http://www.w3.org/TR/xhtml1/DTD/xhtml1-transitional.dtd">
<html xmlns="http://www.w3.org/1999/xhtml" xml:lang="en" lang="en">
 <head>
  <title>
</title>
<meta http-equiv="Content-Type" content="text/html;charset=utf-8" />
  <meta name='ocr-system' content='tesseract 3.04.00' />
  <meta name='ocr-capabilities' content='ocr_page ocr_carea ocr_par ocr_line ocrx_word'/>
</head>
<body>
  <div class='ocr_page' id='page_1' title='image "./comoediaesupers02plauuoft_0117.png"; bbox 0 0 1435 2400; ppageno 0'>
   <div class='ocr_carea' id='block_1_1' title="bbox 406 86 1240 127">
    <p class='ocr_par' dir='ltr' id='par_1_1' title="bbox 406 86 1240 127">
     <span class='ocr_line' id='line_1_1' title="bbox 406 86 1240 127; baseline 0.001 -1"><span class='ocrx_word' id='word_1_1' title='bbox 406 86 799 127; x_wconf 82' lang='lat' dir='ltr'><strong>MENAECHMEI.</strong></span> <span class='ocrx_word' id='word_1_2' title='bbox 827 88 904 126; x_wconf 87' lang='lat' dir='ltr'>IV.</span> <span class='ocrx_word' id='word_1_3' title='bbox 933 91 970 126; x_wconf 77' lang='lat'>2.</span> <span class='ocrx_word' id='word_1_4' title='bbox 1166 90 1240 127; x_wconf 81' lang='lat'>109</span> 
     </span>
    </p>
   </div>
   <div class='ocr_carea' id='block_1_2' title="bbox 118 194 1239 1566">
    <p class='ocr_par' dir='ltr' id='par_1_2' title="bbox 118 194 1239 1565">
     <span class='ocr_line' id='line_1_2' title="bbox 861 194 1239 247; baseline 0.005 -15"><span class='ocrx_word' id='word_1_5' title='bbox 861 194 960 232; x_wconf 86' lang='lat' dir='ltr'>Pcn.</span> <span class='ocrx_word' id='word_1_6' title='bbox 990 195 1127 246; x_wconf 83' lang='lat' dir='ltr'>Nugas</span> <span class='ocrx_word' id='word_1_7' title='bbox 1145 196 1239 247; x_wconf 83' lang='lat' dir='ltr'>agis.</span> 
     </span>
     <span class='ocr_line' id='line_1_3' title="bbox 135 247 853 287; baseline 0.001 -2"><span class='ocrx_word' id='word_1_8' title='bbox 135 248 249 286; x_wconf 76' lang='lat' dir='ltr'>Men.</span> <span class='ocrx_word' id='word_1_9' title='bbox 277 247 387 286; x_wconf 88' lang='lat' dir='ltr'>Num</span> <span class='ocrx_word' id='word_1_10' title='bbox 406 247 503 285; x_wconf 84' lang='lat' dir='ltr'>mihi</span> <span class='ocrx_word' id='word_1_11' title='bbox 521 260 559 285; x_wconf 64' lang='lat' dir='ltr'>es</span> <span class='ocrx_word' id='word_1_12' title='bbox 576 248 670 285; x_wconf 86' lang='lat' dir='ltr'>irata</span> <span class='ocrx_word' id='word_1_13' title='bbox 687 247 853 287; x_wconf 83' lang='lat' dir='ltr'>saltem?</span> 
     </span>
     <span class='ocr_line' id='line_1_4' title="bbox 194 300 1238 353; baseline 0.006 -17"><span class='ocrx_word' id='word_1_14' title='bbox 194 300 197 301; x_wconf 48' lang='lat'><em>⁷</em></span> <span class='ocrx_word' id='word_1_15' title='bbox 499 302 600 338; x_wconf 83' lang='lat' dir='ltr'>Pen.</span> <span class='ocrx_word' id='word_1_16' title='bbox 629 301 745 338; x_wconf 88' lang='lat' dir='ltr'>Nunc</span> <span class='ocrx_word' id='word_1_17' title='bbox 767 308 809 338; x_wconf 90' lang='lat' dir='ltr'>tu</span> <span class='ocrx_word' id='word_1_18' title='bbox 827 313 905 339; x_wconf 89' lang='lat' dir='ltr'>non</span> <span class='ocrx_word' id='word_1_19' title='bbox 925 313 1046 352; x_wconf 83' lang='lat' dir='ltr'>nugas</span> <span class='ocrx_word' id='word_1_20' title='bbox 1065 303 1158 353; x_wconf 85' lang='lat' dir='ltr'>agis.</span> <span class='ocrx_word' id='word_1_21' title='bbox 1187 304 1238 341; x_wconf 84' lang='lat'>60</span> 
     </span>
     <span class='ocr_line' id='line_1_5' title="bbox 127 353 962 405; baseline 0 -14"><span class='ocrx_word' id='word_1_22' title='bbox 127 355 244 392; x_wconf 82' lang='lat' dir='ltr'>Men.</span> <span class='ocrx_word' id='word_1_23' title='bbox 274 354 367 392; x_wconf 90' lang='lat' dir='ltr'>Non</span> <span class='ocrx_word' id='word_1_24' title='bbox 386 353 557 405; x_wconf 88' lang='lat' dir='ltr'>(edepol)</span> <span class='ocrx_word' id='word_1_25' title='bbox 578 354 721 404; x_wconf 85' lang='lat' dir='ltr'>deliqui</span> <span class='ocrx_word' id='word_1_26' title='bbox 739 354 962 405; x_wconf 86' lang='lat' dir='ltr'><strong>quidquam.</strong></span> 
     </span>
     <span class='ocr_line' id='line_1_6' title="bbox 423 408 1237 460; baseline 0 -16"><span class='ocrx_word' id='word_1_27' title='bbox 423 409 524 445; x_wconf 82' lang='lat' dir='ltr'>Pen.</span> <span class='ocrx_word' id='word_1_28' title='bbox 554 408 683 445; x_wconf 88' lang='lat' dir='ltr'><strong>Hem.</strong></span> <span class='ocrx_word' id='word_1_29' title='bbox 674 408 683 433; x_wconf 73' lang='lat'>¹</span> <span class='ocrx_word' id='word_1_30' title='bbox 714 420 866 444; x_wconf 87' lang='lat' dir='ltr'><strong>rursum</strong></span> <span class='ocrx_word' id='word_1_31' title='bbox 885 420 987 445; x_wconf 91' lang='lat' dir='ltr'>nunc</span> <span class='ocrx_word' id='word_1_32' title='bbox 1004 420 1126 459; x_wconf 86' lang='lat' dir='ltr'>nugas</span> <span class='ocrx_word' id='word_1_33' title='bbox 1145 410 1237 460; x_wconf 83' lang='lat' dir='ltr'>agis.</span> 
     </span>
     <span class='ocr_line' id='line_1_7' title="bbox 127 459 1013 512; baseline 0.001 -14"><span class='ocrx_word' id='word_1_34' title='bbox 127 462 241 498; x_wconf 82' lang='lat' dir='ltr'>Men.</span> <span class='ocrx_word' id='word_1_35' title='bbox 269 459 361 509; x_wconf 84' lang='lat' dir='ltr'>Die,</span> <span class='ocrx_word' id='word_1_36' title='bbox 380 473 467 499; x_wconf 82' lang='lat' dir='ltr'>mea</span> <span class='ocrx_word' id='word_1_37' title='bbox 484 473 595 510; x_wconf 85' lang='lat' dir='ltr'>uxor,</span> <span class='ocrx_word' id='word_1_38' title='bbox 615 460 709 512; x_wconf 91' lang='lat' dir='ltr'>quid</span> <span class='ocrx_word' id='word_1_39' title='bbox 727 460 796 498; x_wconf 89' lang='lat' dir='ltr'>tibi</span> <span class='ocrx_word' id='word_1_40' title='bbox 816 473 914 511; x_wconf 86' lang='lat' dir='ltr'>aegre</span> <span class='ocrx_word' id='word_1_41' title='bbox 929 463 1013 499; x_wconf 78' lang='lat' dir='ltr'>est?</span> 
     </span>
     <span class='ocr_line' id='line_1_8' title="bbox 656 514 1236 554; baseline 0.005 -3"><span class='ocrx_word' id='word_1_42' title='bbox 656 515 758 551; x_wconf 77' lang='lat' dir='ltr'>Pen.</span> <span class='ocrx_word' id='word_1_43' title='bbox 786 514 920 552; x_wconf 88' lang='lat' dir='ltr'>Bellus</span> <span class='ocrx_word' id='word_1_44' title='bbox 938 514 1132 552; x_wconf 82' lang='lat' dir='ltr'>blanditur</span> <span class='ocrx_word' id='word_1_45' title='bbox 1152 516 1236 554; x_wconf 86' lang='lat' dir='ltr'>tibi.</span> 
     </span>
     <span class='ocr_line' id='line_1_9' title="bbox 125 566 1238 620; baseline 0.002 -15"><span class='ocrx_word' id='word_1_46' title='bbox 125 568 242 606; x_wconf 81' lang='lat' dir='ltr'>Men.</span> <span class='ocrx_word' id='word_1_47' title='bbox 271 567 373 605; x_wconf 87' lang='lat' dir='ltr'>Poti&#39;</span> <span class='ocrx_word' id='word_1_48' title='bbox 375 568 414 605; x_wconf 91' lang='lat' dir='ltr'>n&#39;</span> <span class='ocrx_word' id='word_1_49' title='bbox 434 574 478 605; x_wconf 79' lang='lat' dir='ltr'>ut</span> <span class='ocrx_word' id='word_1_50' title='bbox 495 566 592 605; x_wconf 84' lang='lat' dir='ltr'>mihi</span> <span class='ocrx_word' id='word_1_51' title='bbox 614 567 797 605; x_wconf 54' lang='lat' dir='ltr'>molestus</span> <span class='ocrx_word' id='word_1_52' title='bbox 821 579 869 605; x_wconf 89' lang='lat' dir='ltr'>ne</span> <span class='ocrx_word' id='word_1_53' title='bbox 891 567 970 604; x_wconf 82' lang='lat' dir='ltr'>sis?</span> <span class='ocrx_word' id='word_1_54' title='bbox 1000 580 1094 606; x_wconf 89' lang='lat' dir='ltr'>num</span> <span class='ocrx_word' id='word_1_55' title='bbox 1114 577 1151 606; x_wconf 86' lang='lat' dir='ltr'>te</span> <span class='ocrx_word' id='word_1_56' title='bbox 1170 582 1238 620; x_wconf 92' lang='lat' dir='ltr'>ap-</span> 
     </span>
     <span class='ocr_line' id='line_1_10' title="bbox 330 621 414 659; baseline 0.012 -1"><span class='ocrx_word' id='word_1_57' title='bbox 330 621 383 659; x_wconf 88' lang='lat' dir='ltr'>llo</span> <span class='ocrx_word' id='word_1_58' title='bbox 396 623 414 659; x_wconf 73' lang='grc' dir='ltr'>Ρ</span> 
     </span>
     <span class='ocr_line' id='line_1_11' title="bbox 281 634 871 712; baseline 0.002 -1"><span class='ocrx_word' id='word_1_59' title='bbox 281 634 330 672; x_wconf 68' lang='lat' dir='ltr'>Pe</span> <span class='ocrx_word' id='word_1_60' title='bbox 416 676 526 712; x_wconf 84' lang='lat' dir='ltr'>Mul.</span> <span class='ocrx_word' id='word_1_61' title='bbox 555 674 682 712; x_wconf 84' lang='lat' dir='ltr'><strong>Aufer</strong></span> <span class='ocrx_word' id='word_1_62' title='bbox 698 685 871 712; x_wconf 82' lang='lat' dir='ltr'>manum.</span> 
     </span>
     <span class='ocr_line' id='line_1_12' title="bbox 124 727 1236 779; baseline 0.004 -15"><span class='ocrx_word' id='word_1_63' title='bbox 124 728 224 765; x_wconf 84' lang='lat' dir='ltr'>Pen.</span> <span class='ocrx_word' id='word_1_64' title='bbox 263 727 326 766; x_wconf 90' lang='lat' dir='ltr'>Sic</span> <span class='ocrx_word' id='word_1_65' title='bbox 354 727 478 766; x_wconf 87' lang='lat' dir='ltr'>datur.</span> <span class='ocrx_word' id='word_1_66' title='bbox 517 728 739 779; x_wconf 80' lang='lat' dir='ltr'>Properate,</span> <span class='ocrx_word' id='word_1_67' title='bbox 776 729 930 766; x_wconf 87' lang='lat' dir='ltr'>absente</span> <span class='ocrx_word' id='word_1_68' title='bbox 966 739 1042 775; x_wconf 88' lang='lat' dir='ltr'>me,</span> <span class='ocrx_word' id='word_1_69' title='bbox 1073 741 1236 768; x_wconf 76' lang='lat' dir='ltr'>comesse</span> 
     </span>
     <span class='ocr_line' id='line_1_13' title="bbox 280 781 510 832; baseline -0.004 -13"><span class='ocrx_word' id='word_1_70' title='bbox 280 781 510 832; x_wconf 86' lang='lat' dir='ltr'>prandium:</span> 
     </span>
     <span class='ocr_line' id='line_1_14' title="bbox 122 833 1233 882; baseline 0.001 -10"><span class='ocrx_word' id='word_1_71' title='bbox 122 833 230 882; x_wconf 84' lang='lat' dir='ltr'>Post,</span> <span class='ocrx_word' id='word_1_72' title='bbox 250 842 338 873; x_wconf 89' lang='lat' dir='ltr'>ante</span> <span class='ocrx_word' id='word_1_73' title='bbox 357 835 467 873; x_wconf 82' lang='lat' dir='ltr'>aedeis</span> <span class='ocrx_word' id='word_1_74' title='bbox 485 848 574 873; x_wconf 86' lang='lat' dir='ltr'>cum</span> <span class='ocrx_word' id='word_1_75' title='bbox 592 834 729 873; x_wconf 56' lang='lat' dir='ltr'>coron&amp;⁴</span> <span class='ocrx_word' id='word_1_76' title='bbox 748 847 810 872; x_wconf 89' lang='lat' dir='ltr'>me</span> <span class='ocrx_word' id='word_1_77' title='bbox 830 834 996 873; x_wconf 84' lang='lat' dir='ltr'>derideto</span> <span class='ocrx_word' id='word_1_78' title='bbox 1015 836 1150 874; x_wconf 79' lang='lat' dir='ltr'>ebrius.</span> <span class='ocrx_word' id='word_1_79' title='bbox 1183 836 1233 873; x_wconf 83' lang='lat'>65</span> 
     </span>
     <span class='ocr_line' id='line_1_15' title="bbox 122 887 1234 940; baseline 0.002 -15"><span class='ocrx_word' id='word_1_80' title='bbox 122 889 243 927; x_wconf 82' lang='lat' dir='ltr'>Men.</span> <span class='ocrx_word' id='word_1_81' title='bbox 272 888 412 939; x_wconf 84' lang='lat' dir='ltr'><strong>Neque</strong></span> <span class='ocrx_word' id='word_1_82' title='bbox 431 887 602 940; x_wconf 79' lang='lat' dir='ltr'>(edepol)</span> <span class='ocrx_word' id='word_1_83' title='bbox 620 901 689 938; x_wconf 76' lang='lat' dir='ltr'>ego</span> <span class='ocrx_word' id='word_1_84' title='bbox 713 887 864 939; x_wconf 79' lang='lat' dir='ltr'>prandi,</span> <span class='ocrx_word' id='word_1_85' title='bbox 888 900 1012 940; x_wconf 85' lang='lat' dir='ltr'>neque</span> <span class='ocrx_word' id='word_1_86' title='bbox 1028 888 1141 927; x_wconf 87' lang='lat' dir='ltr'>hodie</span> <span class='ocrx_word' id='word_1_87' title='bbox 1158 890 1234 927; x_wconf 89' lang='lat' dir='ltr'>huc</span> 
     </span>
     <span class='ocr_line' id='line_1_16' title="bbox 277 941 671 993; baseline 0.003 -15"><span class='ocrx_word' id='word_1_88' title='bbox 277 941 377 979; x_wconf 83' lang='lat' dir='ltr'>intro</span> <span class='ocrx_word' id='word_1_89' title='bbox 395 942 505 980; x_wconf 87' lang='lat' dir='ltr'>tetuli</span> <span class='ocrx_word' id='word_1_90' title='bbox 522 941 671 993; x_wconf 84' lang='lat' dir='ltr'>pedem.</span> 
     </span>
     <span class='ocr_line' id='line_1_17' title="bbox 123 993 524 1045; baseline 0.005 -14"><span class='ocrx_word' id='word_1_91' title='bbox 123 995 222 1033; x_wconf 80' lang='lat' dir='ltr'>Pen.</span> <span class='ocrx_word' id='word_1_92' title='bbox 253 993 359 1031; x_wconf 89' lang='lat' dir='ltr'>Tun’</span> <span class='ocrx_word' id='word_1_93' title='bbox 378 1007 493 1045; x_wconf 84' lang='lat' dir='ltr'>negas</span> <span class='ocrx_word' id='word_1_94' title='bbox 505 997 524 1033; x_wconf 73' lang='grc' dir='ltr'>Ρ</span> 
     </span>
     <span class='ocr_line' id='line_1_18' title="bbox 281 1047 848 1099; baseline 0.004 -15"><span class='ocrx_word' id='word_1_95' title='bbox 281 1048 395 1085; x_wconf 64' lang='lat' dir='ltr'>Ilien.</span> <span class='ocrx_word' id='word_1_96' title='bbox 423 1048 536 1098; x_wconf 79' lang='lat' dir='ltr'>Nego</span> <span class='ocrx_word' id='word_1_97' title='bbox 558 1047 728 1099; x_wconf 88' lang='lat' dir='ltr'>(hercle)</span> <span class='ocrx_word' id='word_1_98' title='bbox 749 1061 848 1086; x_wconf 84' lang='lat' dir='ltr'>vero.</span> 
     </span>
     <span class='ocr_line' id='line_1_19' title="bbox 515 1101 1231 1143; baseline 0 -5"><span class='ocrx_word' id='word_1_99' title='bbox 515 1103 616 1138; x_wconf 86' lang='lat' dir='ltr'>Pen</span> <span class='ocrx_word' id='word_1_100' title='bbox 645 1102 757 1139; x_wconf 85' lang='lat' dir='ltr'>Nihil</span> <span class='ocrx_word' id='word_1_101' title='bbox 774 1101 847 1138; x_wconf 85' lang='lat' dir='ltr'>hoe</span> <span class='ocrx_word' id='word_1_102' title='bbox 865 1101 1020 1140; x_wconf 90' lang='lat' dir='ltr'>homine</span> <span class='ocrx_word' id='word_1_103' title='bbox 1039 1102 1231 1143; x_wconf 81' lang='lat' dir='ltr'>audacius,</span> 
     </span>
     <span class='ocr_line' id='line_1_20' title="bbox 121 1153 1198 1204; baseline 0.002 -12"><span class='ocrx_word' id='word_1_104' title='bbox 121 1155 213 1193; x_wconf 84' lang='lat' dir='ltr'>Non</span> <span class='ocrx_word' id='word_1_105' title='bbox 232 1167 302 1204; x_wconf 89' lang='lat' dir='ltr'>ego</span> <span class='ocrx_word' id='word_1_106' title='bbox 320 1160 358 1192; x_wconf 88' lang='lat' dir='ltr'>te</span> <span class='ocrx_word' id='word_1_107' title='bbox 375 1153 489 1191; x_wconf 89' lang='lat' dir='ltr'>modo</span> <span class='ocrx_word' id='word_1_108' title='bbox 506 1153 572 1192; x_wconf 85' lang='lat' dir='ltr'>hic</span> <span class='ocrx_word' id='word_1_109' title='bbox 589 1162 677 1192; x_wconf 82' lang='lat' dir='ltr'>ante</span> <span class='ocrx_word' id='word_1_110' title='bbox 695 1154 805 1192; x_wconf 87' lang='lat' dir='ltr'>aedeis</span> <span class='ocrx_word' id='word_1_111' title='bbox 824 1166 912 1191; x_wconf 88' lang='lat' dir='ltr'>cum</span> <span class='ocrx_word' id='word_1_112' title='bbox 930 1155 1066 1192; x_wconf 88' lang='lat' dir='ltr'>corona</span> <span class='ocrx_word' id='word_1_113' title='bbox 1084 1155 1198 1194; x_wconf 89' lang='lat' dir='ltr'>florea</span> 
     </span>
     <span class='ocr_line' id='line_1_21' title="bbox 120 1206 1232 1259; baseline 0.001 -13"><span class='ocrx_word' id='word_1_114' title='bbox 120 1208 215 1247; x_wconf 89' lang='lat' dir='ltr'>Vidi</span> <span class='ocrx_word' id='word_1_115' title='bbox 232 1207 410 1245; x_wconf 80' lang='lat' dir='ltr'>adstare?</span> <span class='ocrx_word' id='word_1_116' title='bbox 439 1219 558 1259; x_wconf 90' lang='lat' dir='ltr'>quom</span> <span class='ocrx_word' id='word_1_117' title='bbox 584 1209 748 1258; x_wconf 76' lang='lat' dir='ltr'>negabas</span> <span class='ocrx_word' id='word_1_118' title='bbox 771 1206 868 1244; x_wconf 85' lang='lat' dir='ltr'>mihi</span> <span class='ocrx_word' id='word_1_119' title='bbox 890 1219 967 1245; x_wconf 84' lang='lat' dir='ltr'>esse</span> <span class='ocrx_word' id='word_1_120' title='bbox 993 1220 1129 1247; x_wconf 85' lang='lat' dir='ltr'>sanum</span> <span class='ocrx_word' id='word_1_121' title='bbox 1155 1210 1232 1247; x_wconf 88' lang='lat' dir='ltr'>sin-</span> 
     </span>
     <span class='ocr_line' id='line_1_22' title="bbox 280 1261 399 1311; baseline -0.017 -12"><span class='ocrx_word' id='word_1_122' title='bbox 280 1261 399 1311; x_wconf 70' lang='lat' dir='ltr'>dput,</span> 
     </span>
     <span class='ocr_line' id='line_1_23' title="bbox 121 1313 1185 1364; baseline 0 -11"><span class='ocrx_word' id='word_1_123' title='bbox 121 1315 177 1353; x_wconf 87' lang='lat' dir='ltr'>Et</span> <span class='ocrx_word' id='word_1_124' title='bbox 194 1315 359 1364; x_wconf 78' lang='lat' dir='ltr'>negabas</span> <span class='ocrx_word' id='word_1_125' title='bbox 376 1325 438 1351; x_wconf 89' lang='lat' dir='ltr'>me</span> <span class='ocrx_word' id='word_1_126' title='bbox 456 1313 626 1358; x_wconf 84' lang='lat' dir='ltr'>novisse;</span> <span class='ocrx_word' id='word_1_127' title='bbox 655 1313 898 1364; x_wconf 76' lang='lat' dir='ltr'>peregrinum</span> <span class='ocrx_word' id='word_1_128' title='bbox 916 1313 1021 1352; x_wconf 87' lang='lat' dir='ltr'>aibas</span> <span class='ocrx_word' id='word_1_129' title='bbox 1040 1327 1119 1353; x_wconf 67' lang='lat' dir='ltr'>esse</span> <span class='ocrx_word' id='word_1_130' title='bbox 1137 1322 1185 1353; x_wconf 83' lang='lat' dir='ltr'>te.</span> 
     </span>
     <span class='ocr_line' id='line_1_24' title="bbox 119 1366 1231 1415; baseline 0.001 -9"><span class='ocrx_word' id='word_1_131' title='bbox 119 1370 234 1406; x_wconf 79' lang='lat' dir='ltr'>Men.</span> <span class='ocrx_word' id='word_1_132' title='bbox 263 1367 385 1414; x_wconf 86' lang='lat' dir='ltr'>Quin,</span> <span class='ocrx_word' id='word_1_133' title='bbox 415 1374 458 1404; x_wconf 90' lang='lat' dir='ltr'>ut</span> <span class='ocrx_word' id='word_1_134' title='bbox 485 1366 634 1404; x_wconf 89' lang='lat' dir='ltr'>dudum</span> <span class='ocrx_word' id='word_1_135' title='bbox 661 1366 798 1404; x_wconf 84' lang='lat' dir='ltr'>divorti</span> <span class='ocrx_word' id='word_1_136' title='bbox 825 1368 892 1405; x_wconf 91' lang='lat' dir='ltr'>abs</span> <span class='ocrx_word' id='word_1_137' title='bbox 919 1375 970 1415; x_wconf 80' lang='lat' dir='ltr'>te,</span> <span class='ocrx_word' id='word_1_138' title='bbox 998 1367 1107 1406; x_wconf 84' lang='lat' dir='ltr'>redeo</span> <span class='ocrx_word' id='word_1_139' title='bbox 1128 1380 1231 1408; x_wconf 89' lang='lat' dir='ltr'>nunc</span> 
     </span>
     <span class='ocr_line' id='line_1_25' title="bbox 277 1419 1223 1467; baseline 0.002 -9"><span class='ocrx_word' id='word_1_140' title='bbox 277 1420 435 1458; x_wconf 84' lang='lat' dir='ltr'>demum</span> <span class='ocrx_word' id='word_1_141' title='bbox 452 1419 625 1458; x_wconf 88' lang='lat' dir='ltr'>domum.</span> <span class='ocrx_word' id='word_1_142' title='bbox 1176 1423 1223 1467; x_wconf 86' lang='lat'>71</span> 
     </span>
     <span class='ocr_line' id='line_1_26' title="bbox 118 1473 1229 1526; baseline 0 -12"><span class='ocrx_word' id='word_1_143' title='bbox 118 1478 221 1514; x_wconf 77' lang='lat' dir='ltr'>Pm.</span> <span class='ocrx_word' id='word_1_144' title='bbox 248 1473 354 1512; x_wconf 85' lang='lat' dir='ltr'>Novi</span> <span class='ocrx_word' id='word_1_145' title='bbox 372 1485 442 1524; x_wconf 84' lang='lat' dir='ltr'>ego</span> <span class='ocrx_word' id='word_1_146' title='bbox 461 1481 510 1512; x_wconf 90' lang='lat' dir='ltr'>te.</span> <span class='ocrx_word' id='word_1_147' title='bbox 549 1474 641 1511; x_wconf 91' lang='lat' dir='ltr'>Non</span> <span class='ocrx_word' id='word_1_148' title='bbox 668 1473 765 1511; x_wconf 85' lang='lat' dir='ltr'>mihi</span> <span class='ocrx_word' id='word_1_149' title='bbox 791 1475 966 1512; x_wconf 85' lang='lat' dir='ltr'>censebas</span> <span class='ocrx_word' id='word_1_150' title='bbox 991 1487 1084 1523; x_wconf 62' lang='lat' dir='ltr'>esse,</span> <span class='ocrx_word' id='word_1_151' title='bbox 1107 1477 1229 1526; x_wconf 76' lang='lat' dir='ltr'>quite</span> 
     </span>
     <span class='ocr_line' id='line_1_27' title="bbox 275 1527 484 1566; baseline 0 -1"><span class='ocrx_word' id='word_1_152' title='bbox 275 1527 484 1566; x_wconf 86' lang='lat' dir='ltr'>ulciscerer.</span> 
     </span>
    </p>
   </div>
   <div class='ocr_carea' id='block_1_3' title="bbox 116 1580 1029 1682">
    <p class='ocr_par' dir='ltr' id='par_1_3' title="bbox 116 1580 1029 1682">
     <span class='ocr_line' id='line_1_28' title="bbox 116 1580 696 1633; baseline -0.002 -13"><span class='ocrx_word' id='word_1_153' title='bbox 116 1581 263 1624; x_wconf 86' lang='lat' dir='ltr'>Omnia</span> <span class='ocrx_word' id='word_1_154' title='bbox 281 1580 454 1633; x_wconf 88' lang='lat' dir='ltr'>(hercle)</span> <span class='ocrx_word' id='word_1_155' title='bbox 475 1581 586 1620; x_wconf 86' lang='lat' dir='ltr'>uxori</span> <span class='ocrx_word' id='word_1_156' title='bbox 603 1580 696 1619; x_wconf 91' lang='lat' dir='ltr'>dixi.</span> 
     </span>
     <span class='ocr_line' id='line_1_29' title="bbox 596 1632 1029 1682; baseline 0 -10"><span class='ocrx_word' id='word_1_157' title='bbox 596 1636 712 1673; x_wconf 84' lang='lat' dir='ltr'>Men.</span> <span class='ocrx_word' id='word_1_158' title='bbox 740 1633 847 1682; x_wconf 89' lang='lat' dir='ltr'>Quid</span> <span class='ocrx_word' id='word_1_159' title='bbox 864 1632 1029 1673; x_wconf 81' lang='lat' dir='ltr'>dixisti?</span> 
     </span>
    </p>
   </div>
   <div class='ocr_carea' id='block_1_4' title="bbox 116 1688 1227 2259">
    <p class='ocr_par' dir='ltr' id='par_1_4' title="bbox 116 1688 1227 2258">
     <span class='ocr_line' id='line_1_30' title="bbox 930 1688 1224 1729; baseline 0.014 -4"><span class='ocrx_word' id='word_1_160' title='bbox 930 1689 1032 1727; x_wconf 83' lang='lat' dir='ltr'>Pen.</span> <span class='ocrx_word' id='word_1_161' title='bbox 1058 1688 1200 1729; x_wconf 56' lang='lat' dir='ltr'>Nescio</span> <span class='ocrx_word' id='word_1_162' title='bbox 1212 1705 1224 1728; x_wconf 75' lang='lat' dir='ltr'><em>z</em></span> 
     </span>
     <span class='ocr_line' id='line_1_31' title="bbox 116 1741 464 1793; baseline -0.004 -13"><span class='ocrx_word' id='word_1_163' title='bbox 116 1742 219 1780; x_wconf 89' lang='lat' dir='ltr'>Eam</span> <span class='ocrx_word' id='word_1_164' title='bbox 236 1741 464 1793; x_wconf 85' lang='lat' dir='ltr'>ipsusroga.</span> 
     </span>
     <span class='ocr_line' id='line_1_32' title="bbox 363 1793 1227 1846; baseline 0.002 -13"><span class='ocrx_word' id='word_1_165' title='bbox 363 1797 478 1833; x_wconf 84' lang='lat' dir='ltr'>Men.</span> <span class='ocrx_word' id='word_1_166' title='bbox 505 1795 614 1842; x_wconf 89' lang='lat' dir='ltr'>Quid</span> <span class='ocrx_word' id='word_1_167' title='bbox 631 1795 702 1833; x_wconf 91' lang='lat' dir='ltr'>hoc</span> <span class='ocrx_word' id='word_1_168' title='bbox 720 1801 788 1841; x_wconf 85' lang='lat' dir='ltr'>est,</span> <span class='ocrx_word' id='word_1_169' title='bbox 808 1806 929 1832; x_wconf 83' lang='lat' dir='ltr'>uxor</span> <span class='ocrx_word' id='word_1_170' title='bbox 917 1793 935 1817; x_wconf 74' lang='lat'><strong>⁹</strong></span> <span class='ocrx_word' id='word_1_171' title='bbox 962 1794 1147 1846; x_wconf 89' lang='lat' dir='ltr'>quidnam</span> <span class='ocrx_word' id='word_1_172' title='bbox 1165 1796 1227 1836; x_wconf 90' lang='lat' dir='ltr'>hic</span> 
     </span>
     <span class='ocr_line' id='line_1_33' title="bbox 471 1848 753 1887; baseline -0.007 0"><span class='ocrx_word' id='word_1_173' title='bbox 471 1849 638 1887; x_wconf 88' lang='lat' dir='ltr'>narravit</span> <span class='ocrx_word' id='word_1_174' title='bbox 650 1848 745 1886; x_wconf 88' lang='lat' dir='ltr'>tibi.</span> <span class='ocrx_word' id='word_1_175' title='bbox 735 1849 753 1875; x_wconf 75' lang='lat'><strong>⁹</strong></span> 
     </span>
     <span class='ocr_line' id='line_1_34' title="bbox 117 1900 1118 1952; baseline 0.001 -13"><span class='ocrx_word' id='word_1_176' title='bbox 117 1901 228 1950; x_wconf 85' lang='lat' dir='ltr'>Quid</span> <span class='ocrx_word' id='word_1_177' title='bbox 245 1901 286 1939; x_wconf 90' lang='lat' dir='ltr'>id</span> <span class='ocrx_word' id='word_1_178' title='bbox 304 1900 389 1939; x_wconf 65' lang='lat' dir='ltr'>est?</span> <span class='ocrx_word' id='word_1_179' title='bbox 416 1901 511 1952; x_wconf 87' lang='lat' dir='ltr'>quid</span> <span class='ocrx_word' id='word_1_180' title='bbox 528 1904 657 1941; x_wconf 84' lang='lat' dir='ltr'>taces?</span> <span class='ocrx_word' id='word_1_181' title='bbox 688 1900 781 1952; x_wconf 84' lang='lat' dir='ltr'>quin</span> <span class='ocrx_word' id='word_1_182' title='bbox 799 1900 906 1948; x_wconf 83' lang='lat' dir='ltr'>dicis,</span> <span class='ocrx_word' id='word_1_183' title='bbox 927 1901 1021 1952; x_wconf 88' lang='lat' dir='ltr'>quid</span> <span class='ocrx_word' id='word_1_184' title='bbox 1039 1902 1118 1941; x_wconf 86' lang='lat' dir='ltr'>sit?</span> 
     </span>
     <span class='ocr_line' id='line_1_35' title="bbox 650 1953 1225 2002; baseline 0.005 -10"><span class='ocrx_word' id='word_1_185' title='bbox 650 1955 758 1992; x_wconf 81' lang='lat' dir='ltr'>Mul.</span> <span class='ocrx_word' id='word_1_186' title='bbox 786 1953 910 2002; x_wconf 85' lang='lat' dir='ltr'>Quasi</span> <span class='ocrx_word' id='word_1_187' title='bbox 928 1962 972 1992; x_wconf 90' lang='lat' dir='ltr'>tu</span> <span class='ocrx_word' id='word_1_188' title='bbox 989 1955 1143 1994; x_wconf 66' lang='lat' dir='ltr'>nescias.</span> <span class='ocrx_word' id='word_1_189' title='bbox 1173 1957 1225 2002; x_wconf 87' lang='grc'>75</span> 
     </span>
     <span class='ocr_line' id='line_1_36' title="bbox 116 2007 693 2059; baseline -0.002 -12"><span class='ocrx_word' id='word_1_190' title='bbox 116 2008 229 2047; x_wconf 85' lang='lat' dir='ltr'>Palla</span> <span class='ocrx_word' id='word_1_191' title='bbox 245 2008 301 2045; x_wconf 78' lang='lat' dir='ltr'>mi</span> <span class='ocrx_word' id='word_1_192' title='bbox 315 2007 364 2046; x_wconf 87' lang='lat' dir='ltr'>&#39;st</span> <span class='ocrx_word' id='word_1_193' title='bbox 380 2007 494 2046; x_wconf 88' lang='lat' dir='ltr'>domo</span> <span class='ocrx_word' id='word_1_194' title='bbox 511 2016 693 2059; x_wconf 83' lang='lat' dir='ltr'>surrepta.</span> 
     </span>
     <span class='ocr_line' id='line_1_37' title="bbox 593 2061 1224 2112; baseline 0.002 -13"><span class='ocrx_word' id='word_1_195' title='bbox 593 2063 705 2099; x_wconf 78' lang='lat' dir='ltr'>Men-</span> <span class='ocrx_word' id='word_1_196' title='bbox 735 2061 847 2100; x_wconf 84' lang='lat' dir='ltr'>Palla</span> <span class='ocrx_word' id='word_1_197' title='bbox 864 2068 1036 2112; x_wconf 85' lang='lat' dir='ltr'>surrepta</span> <span class='ocrx_word' id='word_1_198' title='bbox 1054 2062 1102 2100; x_wconf 89' lang='lat' dir='ltr'>&#39;st</span> <span class='ocrx_word' id='word_1_199' title='bbox 1122 2063 1224 2100; x_wconf 85' lang='lat' dir='ltr'>tibi?</span> 
     </span>
     <span class='ocr_line' id='line_1_38' title="bbox 118 2114 480 2165; baseline -0.006 -12"><span class='ocrx_word' id='word_1_200' title='bbox 118 2116 226 2153; x_wconf 82' lang='lat' dir='ltr'>Mul.</span> <span class='ocrx_word' id='word_1_201' title='bbox 254 2114 326 2152; x_wconf 89' lang='lat' dir='ltr'>Me</span> <span class='ocrx_word' id='word_1_202' title='bbox 342 2114 480 2165; x_wconf 84' lang='lat' dir='ltr'>rogas?</span> 
     </span>
     <span class='ocr_line' id='line_1_39' title="bbox 277 2167 1046 2220; baseline 0 -15"><span class='ocrx_word' id='word_1_203' title='bbox 277 2169 391 2207; x_wconf 85' lang='lat' dir='ltr'>Men.</span> <span class='ocrx_word' id='word_1_204' title='bbox 424 2167 512 2215; x_wconf 82' lang='lat' dir='ltr'>Pol,</span> <span class='ocrx_word' id='word_1_205' title='bbox 530 2167 634 2206; x_wconf 85' lang='lat' dir='ltr'>haud</span> <span class='ocrx_word' id='word_1_206' title='bbox 653 2181 783 2220; x_wconf 84' lang='lat' dir='ltr'>rogem</span> <span class='ocrx_word' id='word_1_207' title='bbox 800 2176 852 2217; x_wconf 83' lang='lat' dir='ltr'>te,</span> <span class='ocrx_word' id='word_1_208' title='bbox 872 2168 904 2206; x_wconf 87' lang='lat' dir='ltr'>si</span> <span class='ocrx_word' id='word_1_209' title='bbox 922 2167 1046 2206; x_wconf 87' lang='lat' dir='ltr'>sciam.</span> 
     </span>
     <span class='ocr_line' id='line_1_40' title="bbox 173 2231 1010 2259; baseline 0 -3"><span class='ocrx_word' id='word_1_210' title='bbox 173 2231 279 2259; x_wconf 70' lang='lat' dir='ltr'>vot.</span> <span class='ocrx_word' id='word_1_211' title='bbox 301 2231 350 2258; x_wconf 75' lang='lat'>11.</span> <span class='ocrx_word' id='word_1_212' title='bbox 985 2232 1010 2256; x_wconf 79' lang='lat' dir='ltr'>L</span> 
     </span>
    </p>
   </div>
  </div>
 </body>
</html>
