1435 2400
220 40 294 78 154
545 39 884 80 MERCATOR„
914 40 974 79 11.
1001 42 1039 80 3.

211 145 288 184 Sed
306 145 398 197 quid
413 145 467 183 ais
479 147 498 185 ?
517 158 676 198 ecquam
695 154 738 184 tu
755 146 905 185 advexti
919 153 993 184 tuae
1007 146 1120 184 matti
1138 145 1314 185 ancillam

370 199 508 238 Rhodo
521 199 539 236 Ρ
1262 200 1314 237 56

217 253 335 291 Char.
364 252 530 290 Advexi.

372 306 504 344 Demi.
533 304 639 353 Quid
655 306 672 343 ?
701 318 743 344 ea
762 311 805 342 ut
822 304 970 343 videtur
987 305 1124 344 mulier
1136 305 1155 341 ¹?

754 359 874 397 Char.
902 359 992 396 Non
1012 357 1181 411 (edepol)
1201 357 1316 396 mala.

215 413 344 457 Demi.
376 411 432 450 Ut
450 419 595 450 morata
606 411 682 449 'st?

429 466 548 504 Char.
577 465 738 502 Nullam
754 463 830 501 vidi
848 464 999 511 melius,
1019 463 1106 502 mea
1124 462 1319 503 sententia.

216 519 347 556 Demi.
373 517 478 555 Mihi
504 517 656 569 quidem
680 517 846 567 (edepol)
871 517 950 555 visa
974 525 1041 562 est,
1066 529 1184 569 quom
1208 517 1318 555 illam

373 570 460 608 vidi.

455 625 573 663 Char.
598 623 686 661 Eho
702 623 712 661 2
744 635 793 661 an
810 622 950 669 vidisti,
969 623 1103 675 pater?

213 677 345 714 Demi.
376 676 491 714 Vidi:
532 689 665 715 verum
689 688 766 714 non
792 689 839 715 ex
865 689 939 714 usu
966 684 1093 715 nostro
1114 675 1175 725 'st‚
1197 687 1321 727 neque

373 729 465 768 adeo
491 730 626 780 placet.
1266 730 1317 767 60

219 783 339 821 Char.
367 783 450 830 Qui
469 796 556 821 vero
571 786 588 821 Ρ

503 837 636 874 Demi.
668 834 772 882 Quia
785 846 859 872 non
880 832 1007 872 nostra
1025 833 1188 873 formam
1205 834 1320 874 habet

609 888 765 938 dignam
785 887 909 925 domo.

216 941 327 979 Nihil
345 953 440 991 opus
457 941 565 979 nobis
581 941 732 988 ancilla,
752 940 824 978 nisi
843 954 928 998 quae
945 947 1061 988 texat,
1081 954 1168 992 quae
1186 941 1319 989 molat,

216 994 386 1043 Lignum
399 994 531 1041 caedat,
547 1006 708 1044 pensum
724 993 851 1037 faciat,
865 991 974 1031 aedeis
988 1001 1122 1041 verrat,
1137 995 1316 1043 vapulet;

217 1047 392 1096 Quaeque
414 1047 551 1085 habeat
568 1046 799 1085 cotidianum
816 1045 970 1084 familiae
987 1054 1134 1084 coctum
1152 1046 1292 1085 eibum.

217 1100 378 1137 Horunc
396 1100 460 1138 illa
478 1100 641 1137 nihilum
661 1099 871 1150 quidquam
893 1099 1013 1137 facere
1036 1099 1173 1151 poterit
1189 1099 1322 1138 admo-

377 1153 483 1190 dum.
1269 1154 1321 1190 65

220 1207 341 1245 Char.
368 1205 430 1244 Εὲι
448 1205 561 1244 causa
579 1205 754 1257 equidem
772 1204 878 1242 illam
893 1204 981 1253 emi,
1002 1204 1101 1244 dono
1118 1218 1235 1257 quam
1253 1206 1320 1244 da-

376 1271 455 1297 rem
473 1260 587 1297 matri
604 1272 714 1296 meae.

217 1313 349 1350 Demi.
379 1313 442 1350 Ne
460 1312 559 1360 duis,
579 1324 655 1350 neu
673 1318 711 1349 te
728 1309 923 1349 advexisse
940 1310 1093 1350 dixeris.

803 1364 921 1403 Char.
941 1364 1010 1401 Dii
1027 1377 1090 1402 me
1108 1363 1315 1413 adjuvant!

218 1419 350 1456 Demi.
379 1417 584 1456 Labefacto
602 1416 800 1469 paulatim.
849 1416 1011 1465 Verum,
1033 1417 1136 1468 quod
1158 1418 1321 1469 praeterii

218 1524 359 1575 Neque
377 1472 619 1562 iillgeix‘iatrem
638 1521 728 1561 satis
747 1522 901 1560 honeste
924 1529 1033 1561 tuam
1055 1523 1162 1575 sequi
1185 1524 1321 1617 901εέἰᾶ

376 1589 515 1623 comes,

218 1630 358 1681 Neque
385 1629 519 1667 sinam.

328 1684 448 1722 Char,
477 1681 558 1729 Qui
579 1694 664 1720 vero
678 1684 696 1719 Ρ

432 1736 562 1773 Demi.
590 1734 707 1781 Quia,
722 1734 790 1772 ill‘Ja
807 1734 943 1783 forma,
963 1742 1142 1774 matrem-
1144 1736 1321 1783 familias,

219 1789 428 1840 Flagitium
448 1789 508 1836 sit,
528 1788 560 1826 si
577 1795 768 1838 sequatur,
793 1788 947 1838 quando
965 1788 1112 1827 incedat
1130 1802 1196 1840 per
1214 1790 1317 1828 vias·

221 1842 502 1892 Contemplent,
523 1841 752 1892 conspiciant
770 1853 914 1889 omnes,
934 1848 1081 1891 nutent,
1101 1843 1222 1904 nicten

377 1895 496 1932 bilent
1042 1919 1045 1922 Δ
1123 1920 1130 1928 «
1206 1905 1217 1928 2
1226 1907 1254 1925 ε
1298 1894 1326 1902 ’”
1365 1915 1367 1917 -
1396 1894 1399 1895 ’

219 1947 422 1996 Vellicent,
441 1922 585 1994 vodent,
605 1946 753 1985 molesti
771 1947 858 1992 sint
877 1931 1069 1999 occentent
1085 1948 1236 1987 ostium.
1269 1945 1309 1979 s
1306 1937 1327 1961 '⁵
1389 1968 1392 1969 ⁷
1422 1979 1435 1987 .

221 2000 460 2051 Impleantm
478 2013 573 2039 meae
588 2000 685 2038 fores
705 1987 916 2051 elogiofixm
928 1999 1161 2040 carbonibus.

219 2054 368 2106 Atque,
398 2061 442 2092 ut
468 2065 571 2093 nunc
596 2060 686 2093 sunt
713 2053 976 2093 maledicentes
1001 2054 1186 2102 homines,
1213 2067 1326 2152 ¹¹ng

379 2120 474 2146 meae
1297 2121 1321 2144 ο
