1435 2400
475 106 755 147 EPIDICUS.
784 106 819 145 1.
847 109 886 145 2.
1174 102 1224 146 47

120 213 248 253 Chaer.
278 212 386 261 Quid
403 213 473 252 tibi
490 225 554 251 me
572 212 628 251 vis
646 212 767 252 facere
781 216 799 252 Ρ

302 269 424 306 strat.
448 266 614 317 Argenti
631 267 720 305 dare
738 265 990 318 quadraginta
1005 265 1142 311 minas,
1176 263 1222 301 ll

114 319 231 368 Quod
250 319 408 359 danistae
426 320 548 367 detur,
561 319 663 357 unde
682 333 751 371 ego
768 320 866 358 illud
883 320 1004 357 sumsi
1021 319 1171 357 foenore.

119 375 248 412 Clzaer.
276 375 318 414 Si
337 374 510 426 (hercle)
527 373 722 421 haberem,
743 386 819 412 non
838 385 1028 423 negarem.

515 429 639 466 strat.
670 428 775 465 Nam
795 426 890 478 quid
908 434 945 464 te
963 427 1079 476 igitur
1098 424 1226 462 retulit

114 481 340 520 Beneficum
358 493 436 519 aese
452 481 635 529 oratione,
662 480 694 518 si
713 481 762 518 ad
781 493 863 519 rem
889 480 1078 518 auxilium
1104 490 1226 515 emor-

277 543 390 573 tuum
405 535 453 572 'st
468 536 485 572 ?

119 589 248 627 Chaer.
278 588 386 636 Quin
400 587 574 640 (edepol)
592 593 741 638 egomet
758 586 920 625 clamore
937 585 1135 636 defatigor,
1154 583 1229 621 dif-

116 697 241 734 Strat.
270 642 413 733 {zaim
430 694 643 733 istiusmodi
659 694 756 732 mihi
777 693 917 733 amicos
938 694 1052 732 furno
1068 637 1227 738 mersdso,

115 801 192 842 Sed
209 748 541 863 opecialgimlggidici
565 814 667 840 nunc
690 814 754 840 me
775 813 898 840 emere
922 798 1043 850 pretio
1065 797 1228 850 pretioso

116 908 246 957 Quem
260 856 507 1000 ‹fiiildsdtlimbe'go
523 909 733 958 hominem,
753 909 953 960 irrigatum
984 906 1123 957 plagis,
1150 906 1226 957 pis-

97 980 99 982 ·
277 971 349 1001 ton
395 976 417 1000 a
469 990 481 1009 ‚

116 1016 203 1055 Nisi
213 1017 326 1054 hodie
342 1017 448 1067 prius
460 1016 704 1067 comparassit
717 1015 814 1054 mihi
826 1014 1077 1066 quadraginta
1087 1013 1227 1060 minas,

117 1069 249 1116 Quam
268 1070 413 1120 argenti
431 1069 538 1107 fuero
556 1070 724 1107 elocutus
742 1069 776 1106 ei
786 1077 1016 1118 postremam
1029 1066 1228 1117 syllabam.

117 1124 236 1173 Epid.
262 1124 377 1161 Salva
394 1135 452 1160 res
471 1130 548 1160 est:
569 1123 666 1160 bene
686 1121 875 1174 promittit
887 1135 899 1159 z
929 1133 1050 1171 spero,
1067 1119 1230 1158 servabit

278 1176 405 1214 fidem.
1175 1173 1224 1209 21

117 1230 207 1269 Sine
225 1241 311 1267 meo
330 1236 460 1267 sumtu
478 1235 618 1280 paratae
634 1230 715 1278 jam
734 1234 822 1266 sunt
841 1227 1003 1279 scapulis
1021 1226 1216 1277 symbolae.

116 1282 334 1335 Aggrediar
354 1282 561 1320 hominem.
603 1282 886 1320 Advenientem
910 1292 1066 1332 peregre
1092 1279 1228 1318 herum

278 1349 392 1374 suum
411 1336 703 1387 Stratippoclem

117 1389 231 1430 Salva
247 1389 416 1441 impertit
434 1390 555 1427 salute
574 1402 702 1428 servus
720 1388 917 1440 Epidicus.

679 1444 804 1481 Strat.
833 1441 913 1480 Ubi
931 1440 962 1478 is
982 1448 1036 1478 est
1051 1443 1068 1478 ἲ

487 1515 489 1518 ·
945 1496 985 1532 E
979 1495 1065 1544 pid.
1093 1493 1229 1532 Adest.

120 1553 279 1592 Salvum
297 1558 335 1589 te
353 1549 500 1601 gaudeo
518 1551 594 1588 huc
613 1549 815 1588 advenisse.

279 1606 404 1643 Strat.
434 1603 535 1641 Tam
555 1604 625 1642 tibi
642 1603 739 1641 istuc
757 1601 880 1648 eredo,
901 1613 1019 1652 quam
1036 1600 1146 1638 mihi.
1178 1601 1228 1638 25

122 1660 242 1709 Epid.
269 1659 425 1696 Benene
442 1670 563 1708 usque
581 1656 766 1694 valuisti?

306 1714 428 1750 Strat.
458 1711 499 1748 A
518 1712 650 1748 morbo
669 1709 799 1753 valui;
830 1710 879 1746 ab
897 1708 1026 1746 animo
1045 1721 1143 1758 aeger
1161 1707 1230 1747 fui.

120 1766 239 1816 Epid.
260 1763 377 1812 Quod
395 1764 444 1802 ad
462 1777 524 1802 me
542 1763 711 1812 attinuit,
731 1775 800 1813 ego
817 1761 969 1800 curavi:
999 1761 1103 1813 quod
1121 1774 1231 1799 man-

279 1818 378 1856 dasti
395 1817 505 1863 mihi,

120 1872 376 1923 Impetratum
392 1871 464 1908 'stz
494 1878 597 1908 emta
618 1869 839 1913 ancilla’st;
870 1868 973 1920 quod
997 1874 1078 1906 tute
1102 1868 1150 1906 ad
1168 1881 1231 1906 me

279 1924 407 1962 literas

120 1977 399 2017 Missieulabas.

284 2031 409 2068 Strat.
437 2029 641 2069 Perdidisti
659 2042 814 2069 omnem
831 2041 997 2081 operam.

689 2085 808 2132 Epid.
841 2083 947 2121 Nam
964 2082 1032 2134 qui
1050 2081 1230 2134 perdidi?

124 2142 246 2177 Strat.
274 2137 380 2185 Quia
397 2148 483 2174 meo
501 2148 624 2187 neque
641 2149 727 2174 oera
739 2139 784 2174 ’st
803 2135 918 2183 cordi,
939 2147 1062 2186 neque
1079 2135 1212 2186 placet.
