1435 2400
235 71 312 109 314
496 71 930 110 MOSTELLARIA.
960 72 1011 110 V.
1043 74 1082 109 2.

245 179 365 215 Tran.
395 177 614 216 Adveniens
649 178 849 229 perterruit
884 191 957 216 me.
1014 178 1189 230 Loquere
1225 190 1342 225 nunc,

399 231 493 282 quid
511 231 661 269 fecerim
677 247 686 269 ι
1295 232 1342 268 15

238 285 279 322 N
281 297 355 322 unc
374 284 569 336 utriusque
586 285 824 336 disceptator,
843 297 988 333 eccum,
1007 285 1134 324 adest:
1163 298 1245 336 age,
1267 284 1344 322 dis·

426 346 503 375 uta·

243 392 386 429 Theur.
398 351 558 430 pFilium
576 391 784 443 corrupisse
803 391 862 430 aio
882 399 918 429 te
937 405 1079 430 meum.

867 447 987 482 Trou.
1013 445 1202 483 Ausculta
1218 443 1345 482 modo.

237 497 374 535 Fateor
391 498 612 548 peccavisse,
633 498 794 535 amicam
812 498 1002 543 liberasse
1023 500 1174 536 absente
1193 505 1253 535 te:

237 551 389 588 Foenori
410 558 607 601 argentum
634 552 823 599 sumsisse,
843 552 882 588 id
901 564 979 590 esse
998 553 1219 589 absumtum
1245 563 1342 600 prae-

398 603 494 641 dico.

235 656 442 708 Numquid
461 657 566 694 aliud
584 657 684 705 fecit,
705 658 776 696 nisi
795 657 898 709 quod
917 657 1060 695 faciunt
1079 656 1240 694 summis
1265 656 1347 694 nati

393 711 592 760 generibus
607 714 623 749 Ρ
1291 711 1344 747 20

243 765 383 801 Theur.
411 764 565 810 Hercle,
594 764 689 802 mihi
718 772 844 802 tecum
878 764 1088 803 cavendum
1119 763 1190 801 ’st:
1233 761 1348 800 nimis

396 830 513 867 quam
533 830 571 854 es
589 827 710 855 orator
728 825 844 856 catus.

240 870 380 908 Callid.
401 870 490 908 Sine
509 883 571 908 me
589 871 682 908 dum
701 871 797 908 istuc
807 870 1002 921 judicare:
1030 883 1157 920 surge,
1177 881 1247 920 ego
1263 868 1347 906 istic

398 923 582 961 assedero.

245 977 389 1014 Thczzr.
419 976 634 1023 Maxun1e3
664 977 820 1028 accipito
838 976 937 1014 hanc
955 977 1003 1014 ad
1022 984 1059 1014 te
1075 976 1195 1014 litem.

752 1032 871 1068 Tran.
896 1031 1014 1068 Enim
1035 1030 1118 1068 istic
1136 1029 1259 1079 captio
1277 1035 1347 1066 est.

236 1083 328 1130 Fac,
359 1095 429 1133 ego
448 1094 496 1121 ne
524 1091 693 1122 metuam
719 1084 849 1135 igitur,
870 1091 906 1121 et
924 1092 968 1122 ut
993 1091 1035 1121 tu
1063 1095 1189 1120 meam
1214 1082 1347 1120 timeas

396 1149 528 1174 Vlcem.

245 1190 388 1226 leeur.
415 1189 442 1227 J
446 1203 507 1227 am
527 1190 684 1229 minoris
702 1191 831 1229 omnia
845 1190 954 1239 facio,
974 1203 1053 1241 prae
1071 1202 1189 1241 quam
1208 1188 1347 1240 quibus

397 1243 520 1281 modis
1294 1243 1346 1280 25

239 1296 311 1334 Me
329 1295 544 1335 ludificatus
561 1305 625 1335 est.

479 1352 599 1388 Tran.
628 1352 736 1389 Bene
756 1350 926 1403 (hercle)
947 1352 1118 1396 factum3
1149 1357 1185 1388 et
1203 1350 1347 1388 factum

592 1405 752 1455 gaudeo.

233 1456 373 1506 Sapere
390 1456 482 1494 istac
501 1464 610 1496 aetate
627 1466 785 1509 oportet,
806 1458 873 1509 qui
892 1466 981 1496 sunt
999 1457 1118 1509 capite
1136 1456 1309 1495 candido.

241 1510 381 1546 Theur.
411 1510 519 1557 Quid
537 1524 606 1561 ego
624 1524 726 1550 nunc
743 1512 895 1559 faciam,
916 1511 947 1549 si
971 1512 1116 1549 amicus
1135 1510 1346 1561 Demipho,

396 1572 463 1601 aut
483 1564 705 1602 Philonides
721 1592 731 1602 .
749 1593 759 1602 .
777 1591 787 1601 .
803 1592 813 1601 .

241 1616 361 1653 Tran.
391 1615 520 1676 Dicito
537 1617 596 1665 iis,
617 1631 693 1669 quo
717 1626 827 1669 pacto
846 1624 934 1655 tuus
951 1625 989 1655 te
1016 1629 1145 1655 servus
1173 1615 1346 1654 ludifica-

399 1677 516 1706 verit:

234 1721 424 1772 Optumas
443 1721 700 1760 frustrationes
718 1724 862 1762 dederis
880 1724 920 1762 in
940 1723 1146 1762 comoediis.
1292 1723 1345 1761 30

237 1777 379 1814 Callid.
400 1775 767 1866 glztgellgarumper:
808 1778 887 1816 sine
917 1778 1085 1816 vicissim
1116 1789 1179 1815 me
1208 1775 1340 1828 loqui:

609 1885 750 1923 Theur.
780 1884 898 1923 Licet.

237 1937 380 1974 Callia.
410 1935 600 1974 Omnium
636 1938 820 1989 primum,
860 1938 1027 1977 sodalem
1062 1951 1125 1976 me
1157 1950 1236 1976 esse
1273 1934 1344 1974 scis

393 1997 508 2040 gnato
525 1997 606 2028 tuo.

233 2043 276 2081 Is
301 2042 395 2081 adiit
418 2056 506 2080 me:
535 2055 626 2082 nam
646 2045 757 2084 illum
785 2046 934 2098 prodire
960 2045 1078 2097 pudet
1102 2044 1142 2083 in
1165 2055 1350 2095 conspec--

394 2103 478 2134 tum
497 2103 623 2145 tuum,
