1435 2400
195 116 273 159 272
469 112 899 153 MOSTELLARIA.
928 112 962 152 1.
990 113 1029 151 3.

196 221 343 258 Philol.
375 219 423 258 In
440 227 478 259 te
494 219 652 272 (hercle)
674 227 817 259 certum
836 219 885 258 ’st
902 219 1148 271 principium,
1167 227 1211 258 ut
1229 221 1302 259 sim

356 286 505 324 parcus,
526 275 697 325 experiri.
1249 276 1301 312 80

197 326 301 364 Nam
332 338 454 377 neque
475 327 561 366 edes
588 327 799 379 quidquam
827 338 950 378 neque
976 326 1081 365 bibes
1108 327 1212 378 apud
1239 340 1304 365 me

357 379 459 418 hisce
477 381 620 419 diebus.

199 433 367 470 Philem.
400 434 441 471 Si
469 433 561 484 quid
591 442 632 472 tu
661 434 702 471 in
729 432 840 471 illum
866 433 962 471 bene
983 433 1085 472 voloe
1110 432 1231 486 loqui,
1257 432 1303 471 id

355 485 462 536 loqui
478 487 628 524 licebit.

200 539 285 577 Nec
303 545 401 576 recte
419 540 451 577 si
468 540 526 577 1111
544 540 696 587 dixeris,
713 540 793 588 jam
815 539 994 590 (ecastor)
1014 538 1226 590 vapulabis.

200 593 345 629 Plzz'lol.
373 592 536 644 Edepol,
563 593 594 631 si
618 605 768 631 summo
787 593 878 630 Jovi
897 592 982 631 vivo
1014 600 1170 644 argento
1195 592 1307 631 sacri-

359 645 527 684 ficassem

202 698 277 735 Pro
295 697 398 736 illius
416 674 541 750 capite,
556 699 659 750 quod
683 698 784 746 dedi,
811 710 1010 750 nunquam
1030 711 1137 750 aeque
1155 698 1195 736 id
1211 700 1308 736 bene

362 752 615 790 collocassem.
1254 753 1306 789 85

202 805 259 843 Ut
280 805 406 843 videas
427 818 510 843 eam
541 805 762 843 medullitus
790 817 853 842 me
880 805 1033 842 amare!
1067 804 1133 844 0!
1165 806 1307 855 probus

361 859 476 896 homo
495 871 604 896 sum:

204 910 340 963 [Quae]
361 924 430 961 pro
447 924 509 949 me
527 924 678 949 causam
697 911 846 955 diceret,
868 908 1109 962 [patronum]
1128 910 1298 949 liberavi.

204 966 344 1015 Scaph.
377 964 498 1002 Video
533 973 571 1002 te
603 964 714 1001 nihili
749 963 925 1015 pendere,
964 977 1042 1014 prae
1073 963 1307 1013 Philolache,

363 1017 506 1055 omneis
523 1017 708 1055 homines.

204 1072 245 1109 N
247 1083 334 1117 unc,
355 1082 403 1108 ne
417 1071 497 1119 ejus
516 1071 629 1109 eausa
643 1069 836 1121 vapulem,
851 1069 920 1107 tibi
937 1069 1063 1120 potius
1080 1071 1310 1119 assentabor,

204 1125 245 1163 Si
263 1130 458 1174 acceptum
486 1132 544 1162 sat
560 1124 690 1170 habes,
710 1123 779 1161 tibi
796 1123 874 1160 fore
891 1122 1004 1160 illum
1022 1123 1187 1161 amicum
1212 1136 1311 1162 sem-

365 1177 566 1227 piternum.
1258 1178 1311 1215 90

207 1232 378 1269 Philem.
406 1231 510 1269 Cedo
536 1230 632 1268 mihi
661 1230 872 1281 speculum,
903 1235 941 1268 et
967 1242 1057 1268 cum
1083 1229 1313 1268 ornamentis

364 1284 532 1322 arculam
550 1290 736 1328 actutum,
756 1284 928 1335 Scapha;

207 1338 355 1377 Ornata
385 1345 426 1375 ut
456 1337 542 1385 sim,
566 1349 684 1388 quom
714 1337 790 1376 huc
814 1337 940 1375 veniat
963 1336 1216 1385 Philolaches,
1240 1348 1307 1375 vo-

365 1390 493 1441 luptas
510 1403 608 1429 mea·

207 1445 346 1494 Scaph.
379 1444 540 1494 Mulier,
570 1457 657 1495 quae
684 1455 724 1482 se
753 1454 939 1495 suamque
966 1448 1117 1481 aetatem
1152 1442 1308 1492 spernit,

364 1497 517 1548 speculo
535 1497 570 1535 ei
587 1510 659 1535 usu
662 1497 721 1535 'st.

208 1550 316 1598 Quid
334 1563 409 1601 opu
413 1551 460 1588 'st
479 1551 630 1600 speculo
645 1550 729 1599 tibi,
746 1562 832 1602 quae
848 1556 930 1588 tute
947 1548 1100 1601 speculo
1117 1549 1315 1600 speculum

365 1616 404 1641 es
421 1616 650 1641 maxumum
664 1605 682 1641 Ρ

207 1658 356 1696 ΡῙιὶῖοΖ.
382 1656 446 1694 Ob
465 1657 562 1695 istuc
579 1658 752 1704 verbum,
785 1668 834 1693 ne
851 1654 1125 1707 nequidquam,
1149 1656 1312 1708 Scapha,

366 1716 446 1747 tam
464 1710 589 1760 lepide
606 1709 761 1757 dixeris,
1261 1711 1314 1749 95

207 1764 321 1802 Dabo
339 1762 485 1814 aliquid
500 1763 613 1800 hodie
630 1762 701 1800 tibi
716 1762 857 1814 peculi,
877 1762 1153 1800 Philematium
1170 1775 1268 1801 mea.

209 1818 380 1856 Philem.
411 1817 490 1854 Suo
500 1816 643 1868 quique
655 1816 751 1864 loco,
765 1815 922 1865 vide'n'‚
935 1815 1096 1868 capillus
1110 1815 1200 1859 satis
1212 1828 1316 1855 com.

367 1869 543 1921 positu'st
560 1869 756 1907 commode
768 1871 786 1908 ⁴?

211 1924 352 1974 Scaph.
377 1923 458 1960 Ubi
485 1930 528 1960 tu
556 1923 755 1961 commoda
779 1935 834 1971 es,
863 1923 1046 1973 capillum
1074 1921 1319 1961 commodum

372 1988 452 2014 esse
469 1976 620 2014 credito.

214 2031 360 2069 Philol.
376 2029 490 2067 Vah!
513 2029 607 2081 quid
623 2029 691 2067 illa
704 2037 793 2081 pote
807 2031 917 2081 pejus
931 2029 1144 2082 quidquam
1162 2028 1321 2067 muliere

371 2083 637 2121 memorarier?

213 2139 330 2177 Nunc
359 2137 581 2194 assentatrix
613 2137 768 2177 scelesta
798 2144 878 2183 est;
909 2137 1058 2177 dudum
1090 2134 1326 2229 31111015311303

375 2197 465 2229 erat.
