1435 2400
228 75 301 113 180
529 75 575 114 M
578 75 867 115 ERCATOR.
894 75 944 115 V.
977 77 1015 115 2.

541 183 637 220 Eut.
666 181 744 220 Ubi
761 183 823 229 sit,
844 195 912 233 ego
930 182 1020 220 scio.

771 237 891 275 Char.
913 235 1018 273 Tun'
1035 237 1053 274 ἓ
1081 236 1244 274 obsecro.
1270 234 1322 279 47

223 290 318 326 Eut.
350 287 489 326 Sanam
509 294 545 325 et
562 288 718 326 salvam.

434 340 551 380 C'ltar.
580 341 658 379 Ubi
677 354 759 379 eam
779 342 921 380 salvam
938 346 956 380 ζ)

613 397 709 432 Eut.
738 396 827 441 Quo
846 408 914 445 ego
933 395 1018 433 scio.

801 450 920 486 Claar.
950 449 1036 498 Ego
1050 460 1112 487 me
1128 447 1322 487 mavelim.

217 503 312 540 Eut.
340 500 480 539 Poti'n'
500 507 542 538 ut
559 500 687 538 animo
705 501 754 539 sis
773 501 1001 552 tranquillo?

639 555 757 592 Char.
787 554 893 601 Quid
912 555 942 592 si
960 555 1109 593 animus
1128 554 1286 592 fluctuat
1299 556 1318 592 ἓ

216 608 310 644 Eut.
339 605 427 656 Ego
458 606 574 645 istum
603 606 642 644 in
675 607 878 658 tranquillo
908 615 944 645 et
976 615 1057 646 tuto
1085 608 1212 646 sistam
1227 621 1237 644 ε
1272 619 1321 645 ne

377 659 479 698 time.
1266 661 1319 698 50

219 713 338 752 Char.
368 712 534 751 Obsecro
547 723 598 761 te,
618 713 782 764 loquere,
803 713 870 751 ubi
889 713 948 760 sit,
969 714 1035 752 ubi
1053 727 1137 751 eam
1156 712 1304 751 videris.

216 766 322 810 Quid
337 774 433 804 taces
450 768 466 804 ?
497 766 595 804 Dic:
627 767 749 804 enicas
768 779 828 804 me
841 767 1021 804 miserum
1041 766 1106 805 tua
1118 764 1321 805 reticentia.

215 822 311 858 Eut.
341 819 380 857 N
383 832 431 856 on
451 819 562 870 longe
580 819 667 857 hinc
685 821 789 857 abest
807 833 829 856 a
848 820 966 858 nobis.

387 873 506 911 Char.
534 873 639 919 Quin
659 885 747 922 ergo
765 881 1046 919 commonstras‚
1066 873 1097 910 si
1115 881 1157 911 tu
1181 872 1284 911 vides
1297 874 1315 910 ἓ

213 929 309 964 Eut.
340 926 429 963 Non
450 925 557 963 video
579 923 747 976 (hercle)
768 938 892 963 nunc:
924 926 988 963 sed
1007 925 1083 964 vidi
1101 925 1227 964 modo.

631 979 750 1017 Char.
783 979 904 1026 Quin,
926 991 994 1029 ego
1013 979 1175 1027 videam,
1194 978 1314 1017 facis?

213 1035 308 1070 Eut.
337 1032 507 1069 Faciam.

373 1086 492 1123 Char.
520 1084 794 1135 Longinquum
813 1084 909 1122 istuc
927 1085 1070 1122 amanti
1095 1086 1153 1123 'st-

627 1141 723 1176 Eut.
752 1138 882 1175 Etiam
901 1138 1065 1176 metuis?
1094 1137 1238 1177 Omnia
1263 1140 1313 1175 55

211 1193 536 1231 Commonstrabo.
584 1191 756 1230 Amicior
785 1191 880 1228 mihi
908 1191 1037 1230 nullus
1066 1191 1171 1240 vivit,
1200 1198 1314 1242 atque

364 1258 395 1283 ιε
416 1253 485 1292 est,

208 1299 290 1347 Qui
316 1298 422 1336 illam
450 1299 586 1335 habet:
618 1310 740 1349 neque
768 1306 837 1345 est,
867 1298 956 1349 quoi
983 1298 1104 1350 magis
1129 1310 1191 1336 me
1217 1297 1313 1336 velle

365 1352 502 1389 melius
521 1364 674 1402 aequum
694 1352 774 1389 siet.

211 1407 330 1444 Char.
360 1405 450 1442 Non
470 1417 558 1442 curo
578 1405 697 1442 istuc:
727 1405 834 1442 illam
853 1416 993 1455 quaero.

645 1460 741 1495 Eut.
773 1458 835 1494 De
852 1458 919 1494 ina
938 1468 1024 1507 ergo
1044 1469 1112 1506 ego
1129 1456 1212 1493 dieo
1230 1455 1310 1495 tibi.

206 1513 305 1550 Sane
322 1512 393 1549 hoc
410 1523 486 1548 non
504 1510 544 1548 in
564 1519 729 1548 mentem
749 1510 851 1548 venit
869 1510 1030 1557 dudum,
1048 1510 1105 1546 uti
1123 1509 1203 1547 tibi.

209 1566 327 1604 Char.
358 1564 433 1602 Dic
450 1563 579 1614 igitur,
599 1564 666 1601 ubi
685 1564 751 1600 ina
769 1563 850 1600 est?

524 1619 619 1654 Eut.
648 1617 698 1654 In
715 1616 849 1654 nostris
868 1615 1025 1654 aedxbus.

778 1670 897 1707 Char.
926 1668 1058 1706 AEdeis
1075 1670 1224 1720 probaS‚
1253 1669 1306 1707 60

203 1725 245 1763 Si
263 1732 305 1762 tu
324 1737 411 1762 vera
428 1723 534 1770 dicis,
553 1723 786 1774 pulchreque
802 1722 1001 1760 aedificatas
1018 1723 1187 1760 arbitror.

201 1778 276 1817 Sed
294 1777 388 1829 quid
405 1790 474 1827 ego
487 1777 583 1814 istuc
597 1776 746 1813 credam
758 1775 776 1812 i>
806 1774 986 1814 Vidistin’
1002 1777 1019 1814 ?
1049 1787 1097 1813 an
1111 1776 1158 1813 de
1176 1775 1306 1814 audito

359 1830 511 1868 nuntias
522 1829 540 1865 ἶ)

204 1886 297 1923 Eut.
327 1884 491 1934 Egomet
509 1883 598 1921 vidi.

362 1938 480 1976 Char.
512 1936 610 1980 Quis
624 1948 706 1973 eam
725 1935 885 1974 adduxit
901 1935 949 1973 ad
968 1937 1060 1973 vos?

900 1991 997 2027 Eut.
1026 1988 1164 2040 Inique
1180 2000 1302 2039 rogas.

202 2045 320 2085 Char.
350 2044 452 2083 Vera
470 2043 572 2081 dicis.
1196 2066 1199 2067 ν

491 2099 586 2135 Eut.
615 2095 739 2143 Nihil,
761 2095 938 2144 Charine,
959 2103 997 2134 te
1014 2095 1168 2146 quidem
1187 2093 1299 2145 quid-

594 2162 710 2199 quam
727 2149 855 2200 pudet.
