1435 2400
204 80 285 118 244
405 80 583 121 MILES
614 81 946 121 GLORIOSUS.
976 81 1052 120 IV.
1082 82 1121 119 4.

206 185 304 223 Dixi
322 199 400 225 esse
417 187 522 225 vobis
540 187 687 226 dudum
705 188 808 227 hunc
827 187 1017 226 moechum
1037 186 1206 225 Militem
1220 188 1238 224 ἓ

206 239 249 276 N
250 251 324 277 unc
342 240 389 277 ad
407 252 469 278 me
487 248 530 278 ut
549 241 687 288 veniat,
707 242 843 288 usu'st,
864 241 1180 287 Acroteleutium,

202 292 400 330 AneiHula
417 295 510 342 ejus,
532 300 569 331 et
588 294 797 332 Pleusides.
852 293 927 331 Pro
946 294 1102 343 Jupiter
1118 294 1127 330 !
1259 292 1310 329 40

205 344 340 383 Sati'n’
359 353 403 383 ut
422 346 665 384 commoditas
684 360 956 398 usquequaque
976 359 1037 384 me
1056 345 1235 395 adjuvat!

206 398 325 444 Nam,
342 412 437 450 quos
454 399 578 436 videre
596 402 822 450 exoptabam
839 413 902 437 me
919 412 1113 446 maxume,

205 451 297 489 Una
316 453 509 490 exeunteis
527 451 635 491 video
652 453 742 491 hinc
761 466 780 490 e
799 465 1001 503 proxumo.

448 612 632 651 ACTUS
661 612 736 651 Iv.
791 613 976 652 SCENA
1006 613 1082 651 IV.

206 715 628 756 ACROTELEUTwM.
649 719 1003 765 MlemmppA,
1023 718 1316 756 PALAESTRIO.

634 771 900 809 PLEtsmsss.

201 876 321 914 Acro.
346 877 583 927 Sequimini;
605 878 721 916 simul
737 878 1025 929 circumspicite,
1045 889 1092 915 ne
1108 875 1194 928 quis
1212 873 1312 913 adsit

366 930 516 968 arbiter.

203 983 261 1019 M
263 984 354 1032 illm.
384 983 589 1022 Neminem
614 983 720 1035 (pol)
741 984 863 1032 video,
882 984 956 1022 nisi
973 983 1091 1030 hunc,
1112 994 1227 1033 quem
1247 993 1311 1019 vo-

364 1035 493 1073 lumus
512 1046 751 1075 conventum.

754 1090 839 1127 Pal.
867 1090 921 1127 Et
939 1101 1007 1138 ego
1025 1100 1102 1126 vos.

206 1142 262 1178 M
263 1141 353 1191 ilplc.
383 1142 489 1186 Quid
508 1143 604 1193 agis,
624 1150 748 1182 noster
766 1141 991 1181 architecte?

525 1196 612 1236 Pal.
639 1197 774 1248 Egone
792 1196 1044 1234 architectus?
1074 1194 1172 1233 vah!

923 1250 981 1285 M
981 1249 1072 1298 ilph.
1103 1247 1208 1291 Quid
1224 1254 1278 1286 est
1292 1249 1310 1285 ?

205 1300 292 1338 Pal.
323 1301 402 1345 Qui
425 1302 527 1340 enim
556 1315 633 1341 non
663 1315 747 1341 sum
778 1302 915 1353 dignus
942 1314 1021 1352 prae
1046 1309 1097 1348 te,
1122 1308 1167 1339 ut
1193 1300 1310 1352 figam

361 1355 494 1404 palum
513 1356 552 1393 in
572 1356 767 1408 parietem.

204 1407 324 1445 Acro.
353 1408 428 1445 Eia
447 1409 558 1446 vero!

533 1462 619 1500 Pal.
647 1462 776 1500 Nimis
793 1462 924 1509 facete,
943 1460 1132 1511 nimisque
1149 1458 1310 1497 facunde

649 1516 752 1553 mala
770 1515 829 1552 ’st.
1285 1514 1310 1548 5

204 1565 261 1603 Ut
279 1566 403 1618 lepide
421 1567 680 1606 deruncinavit
698 1568 868 1606 Militem
886 1567 896 1603 Ξ

807 1622 925 1658 Acro.
953 1619 1012 1657 At
1030 1619 1144 1656 etiam
1161 1631 1311 1670 parum.

203 1671 290 1710 Pal.
316 1673 428 1711 Bono
452 1673 579 1711 animo
597 1686 660 1712 es:
689 1674 885 1724 negotium
903 1685 1016 1711 omne
1036 1674 1117 1722 jam
1146 1672 1310 1710 succedit

363 1729 433 1764 sub
451 1739 600 1764 manus.

202 1777 284 1816 Vos
318 1780 432 1817 modo
464 1792 587 1830 porro,
625 1787 669 1818 ut
698 1778 906 1829 occepistis‚
940 1779 1028 1817 date
1055 1791 1208 1829 operam
1242 1777 1311 1816 ad-

364 1833 578 1881 jutabilem.

200 1884 307 1922 Nam
320 1885 400 1936 ipse
414 1886 532 1924 Miles
546 1886 793 1924 concubinam
807 1886 905 1923 intro
916 1885 1009 1923 abiit
1020 1894 1170 1923 oratum
1184 1897 1307 1933 suam,

200 1937 269 1976 Ab
288 1951 326 1976 se
344 1946 387 1976 ut
405 1941 513 1977 abeat
532 1952 620 1976 cum
639 1952 759 1977 sorore
778 1947 814 1977 et
828 1946 947 1976 matre
963 1938 1148 1976 Athenas.

817 1993 936 2029 Acro.
964 1992 1027 2029 Eu
1044 1992 1053 2029 ἰ
1084 1992 1200 2042 probe
1215 1991 1225 2028 Ξ
1260 1991 1308 2028 10

203 2045 293 2082 Pal.
324 2044 431 2088 Quin
450 2045 563 2082 etiam
583 2057 719 2083 aurum
738 2051 852 2096 atque
871 2051 1106 2093 ornamenta,
1126 2057 1212 2095 quae
1228 2044 1312 2094 ipse

361 2098 555 2146 instruxit,
576 2098 728 2136 mulieri

204 2149 349 2190 Omnia
359 2150 424 2190 dat
434 2151 547 2201 dono,
562 2164 601 2190 se
612 2158 655 2190 ut
666 2152 795 2191 abeat:
814 2152 866 2190 ita
877 2165 946 2203 ego
957 2150 1156 2190 eonsilium
1167 2149 1201 2188 ei
1212 2148 1326 2187 dedi..
