1435 2400
253 83 330 121 264
527 83 958 125 MOSTELLARIA.
986 83 1022 124 1.
1056 85 1094 124 1.

253 189 359 227 Nam
388 202 459 241 ego
482 189 593 229 illum
625 199 845 243 corruptum
876 191 988 241 duco,
1021 203 1138 243 quom
1164 189 1223 228 his
1249 188 1357 228 factis

411 243 548 283 studet.
1302 245 1356 280 28

252 294 343 342 Quo
361 308 473 334 nemo
490 298 658 349 adaeque,
675 299 874 348 juventute
892 311 938 336 ex
957 297 1062 336 omni
1080 296 1226 343 Attica,

250 349 427 388 Antehac
441 358 495 388 est
509 351 660 389 habitus
679 364 825 402 parcus,
842 364 910 389 nec
923 351 1045 402 magis
1059 351 1251 389 continens
1263 362 1275 394 3
1305 349 1359 386 30

249 401 291 439 Is
309 414 410 440 nunc
428 404 466 441 in
486 404 598 441 aliam
618 412 762 454 partem
781 404 949 456 palmam
968 403 1144 454 possidet.

251 453 404 494 Virtute
422 456 461 493 id
480 456 623 494 factum
643 458 724 502 tua,
745 465 781 495 et
801 457 1016 507 magisterio
1034 466 1114 494 tuo.

259 508 379 546 Tran.
402 509 508 556 Quid
528 510 597 547 tibi
617 511 781 561 (malum
797 510 829 560 Ξ)
850 522 926 556 me,
946 517 1012 547 aut
1030 509 1123 560 quid
1142 520 1212 559 ego
1229 519 1355 559 agam,

409 563 552 600 curatio
565 563 612 601 ’st
626 565 643 601 ,⁹

246 613 314 651 An
334 615 411 652 ruri
428 618 595 666 (quaeso)
613 629 688 654 non
708 622 810 663 sunt,
832 629 926 667 quos
945 628 1064 663 cures,
1083 616 1198 653 boves
1214 616 1232 653 ?

246 666 375 705 Lubet
391 675 533 718 potare,
555 682 693 716 amare,
714 677 834 707 scorta
852 669 1000 707 ducere.
1304 667 1357 705 35

245 720 331 757 Mei
349 721 444 771 tergi
463 722 558 759 facio
576 722 669 768 haec,
689 735 765 760 non
785 722 854 769 tui,
875 722 1027 760 fiducia.

252 774 392 811 Grum.
420 775 550 822 Quam
570 775 798 813 confidenter
815 775 1010 827 loquitur!
1041 774 1117 813 fue.

919 830 1040 866 Tran.
1067 829 1126 866 At
1145 835 1181 866 te
1199 827 1354 880 Jupiter

248 877 392 931 Diique
410 893 539 919 omnes
558 881 716 932 perdant
732 882 741 919 Ξ
773 881 950 919 oboluisti
968 881 1115 928 allium,

250 932 443 972 Germana
459 935 620 981 illuvies,
640 935 814 983 rusticus,
834 934 975 980 hircus,
994 934 1087 972 hara
1104 934 1194 982 suis,

247 985 369 1024 Canes
388 999 498 1038 capro
519 987 725 1029 commixta
741 987 750 1025 !

625 1042 767 1079 Grum.
794 1039 901 1087 Quid
920 1047 961 1078 tu
980 1040 1037 1078 vis
1055 1040 1136 1078 fieri
1148 1040 1166 1076 ἰ’
1301 1040 1353 1078 40

247 1091 338 1130 Non
357 1105 487 1131 omnes
505 1104 663 1161 possunt
682 1093 781 1131 olere
798 1100 994 1143 unguenta
1013 1093 1171 1141 exotica,

244 1145 285 1184 Si
305 1153 346 1182 tu
367 1146 443 1183 oles
459 1159 470 1191 ;
505 1159 628 1197 neque
646 1147 814 1197 superior
832 1148 1065 1193 accumbere,

244 1198 383 1249 Neque
402 1207 480 1236 tarn
501 1199 644 1247 facetis,
663 1212 781 1250 quarn
800 1207 842 1237 tu
861 1199 968 1246 vivis,
990 1199 1164 1238 victibus.

242 1250 308 1288 Tu
329 1252 397 1290 tibi
415 1252 504 1290 istos
522 1252 660 1291 habeas
679 1260 857 1298 turtures,
878 1252 1026 1301 pisceis,
1046 1253 1159 1291 aveis.

238 1304 329 1342 Sine
346 1305 474 1343 alliato
491 1305 602 1356 fungi
620 1306 789 1344 fortunas
807 1318 924 1343 meas.
1295 1307 1346 1344 45

240 1357 305 1395 Tu
325 1357 552 1407 fortunatus,
572 1372 641 1410 ego
659 1359 795 1397 miser:
826 1358 1011 1409 patiunda
1029 1366 1129 1397 sunt.

240 1410 382 1448 Meum
400 1413 546 1449 bonum
565 1425 642 1458 me,
663 1420 699 1450 te
717 1419 829 1449 tuum
847 1419 1001 1449 maneat
1017 1412 1177 1449 malum.

245 1466 366 1502 Tran.
394 1464 517 1511 Quasi
534 1465 700 1504 invidere
718 1464 814 1502 mihi
831 1464 902 1502 hoc
921 1464 1057 1511 videre,
1080 1464 1256 1512 Grumio,

234 1516 340 1564 Quia
354 1518 450 1555 mihi
463 1520 559 1556 bene
572 1526 641 1564 est,
655 1526 691 1556 et
705 1517 775 1555 tibi
789 1518 889 1555 male
901 1524 956 1555 est
969 1531 982 1562 ς
1002 1517 1282 1568 dignissumum
1293 1517 1354 1556 'st,

237 1570 359 1608 Decet
380 1583 442 1608 me
461 1584 601 1619 amare,
622 1578 658 1609 et
677 1578 712 1608 te
729 1570 1024 1615 bubulcitarier3
1299 1573 1351 1609 50

238 1622 309 1661 Me
327 1623 494 1661 victitare
512 1624 682 1674 pulchre,
704 1632 741 1661 te
759 1623 904 1661 miseris
922 1623 1059 1662 modis.

241 1678 382 1715 Grum.
412 1676 450 1714 O
469 1677 688 1714 carnificum
707 1676 873 1714 cribrum
889 1676 899 1713 !
931 1675 1033 1726 quod
1051 1676 1160 1715 credo
1178 1675 1282 1715 fore:

236 1729 299 1768 Ita
317 1736 354 1767 te
372 1728 550 1767 forabunt
566 1729 822 1780 patibulatum
840 1742 907 1780 per
925 1729 1005 1767 vias

238 1782 428 1827 Stimulis,
450 1782 480 1820 si
497 1781 572 1819 huc
590 1782 755 1820 reveniat
775 1795 903 1820 senex.

243 1837 365 1874 Tran.
395 1835 477 1879 Qui
505 1835 589 1882 scis,
613 1847 662 1873 an
687 1835 757 1874 tibi
785 1836 882 1874 istuc
905 1836 1012 1887 prius
1037 1835 1196 1885 eveniat,
1226 1849 1341 1888 quarn

396 1888 492 1926 mihi
508 1890 526 1926 ?
1292 1891 1345 1927 55

239 1944 381 1982 Grum.
413 1942 515 1985 Quia
533 1954 733 1993 nunquam
750 1941 895 1981 merui:
926 1950 969 1980 tu
986 1943 1172 1992 meruisti,
1190 1949 1228 1981 et
1245 1954 1348 1981 nunc

396 2007 530 2033 meres.

244 2050 365 2087 Tran.
399 2048 593 2087 Orationis
613 2061 767 2100 operam
787 2048 1082 2100 compendiface‚

238 2102 325 2155 Nisi
344 2109 380 2140 te
398 2101 501 2139 mala
519 2115 558 2140 re
576 2102 717 2153 magna
735 2103 892 2141 mactari
909 2102 1028 2154 cupis.
