1435 2400
172 45 224 84 32
503 46 804 88 CURCULIO.
832 48 883 88 V.
911 50 950 86 2.

179 152 296 190 Cure.
332 150 466 199 Quid?
504 166 574 204 ego
601 155 672 192 sub
704 154 896 205 gemm‘fan’
926 155 1114 192 abstrusos
1148 153 1270 192 habeo

337 211 442 243 tuam
459 213 618 244 matrem
638 214 674 245 et
691 206 864 257 patrem?
1250 207 1276 243 8

182 257 302 295 Plan.
331 257 470 296 Libera
487 271 556 310 ego
574 272 659 298 sum
677 267 776 297 nata.

455 312 571 350 Cure.
600 312 653 350 Et
671 312 735 350 alii
752 311 878 359 multi,
898 313 964 363 qui
982 324 1083 351 nunc
1100 311 1279 350 serviunt.

180 363 296 400 Plan.
324 363 531 402 Enimvero
549 365 696 403 irascor.

485 419 602 456 Cure.
630 417 724 456 Dixi
739 418 914 470 equidem
931 419 1014 467 tibi,
1034 418 1135 456 unde
1149 417 1198 455 ad
1216 429 1280 455 me

602 470 663 508 hic
681 472 900 522 pervenerit.
1232 470 1282 507 10

179 520 564 612 Ωιιοῑίωλῗὶοἱυῃᾱαω
579 524 656 562 'st?
701 524 814 564 Elusi
842 524 1003 563 militem
1024 521 1221 574 (inquam)
1239 522 1280 560 in

379 589 434 614 ea.

187 627 300 666 Ther.
330 628 464 667 Salvus
484 642 591 667 sum:
624 643 767 679 eccum,
787 642 901 681 quem
917 630 1142 682 quaerebam.
1173 625 1281 676 Quid

340 681 435 731 agis,
454 683 551 720 bone
569 683 656 721 vir?

668 738 783 775 Curc-
811 735 955 774 Audio.

181 786 223 825 Si
238 787 292 825 vis
310 787 428 826 tribus
445 788 555 831 bolis,
572 789 631 827 vel
648 789 687 826 in
707 788 957 839 chlamydem.

542 842 656 879 Ther.
687 842 794 889 Quin
814 849 855 879 tu
873 841 906 879 is
923 841 963 879 in
981 841 1123 878 malam
1137 852 1286 878 crucem

181 893 283 932 Cum
313 893 458 939 boletis,
487 906 575 932 cum
602 895 758 933 bulbis?
789 893 902 932 redde
927 894 1041 932 etiam
1067 900 1282 944 argentum,

339 955 405 984 aut
424 947 620 997 virginem.

184 1001 301 1038 Cure.
328 999 444 1046 Quod
461 1007 676 1051 argentum,
695 1012 788 1051 quas
805 1007 847 1038 tu
874 998 971 1038 mihi
988 998 1098 1037 tricas
1123 1010 1252 1036 narras
1265 999 1284 1036 ?

339 1065 460 1130 quem>
476 1061 518 1091 tu
536 1053 720 1104 virginem
1234 1051 1283 1088 15

185 1104 256 1143 me
272 1117 460 1197 ιᾞΡΟΊῗῗν.
475 1157 620 1237 ,Quam
639 1159 687 1197 ab
700 1158 834 1197 lenone
849 1157 1009 1197 abduxti
1023 1156 1150 1207 hodie,
1165 1156 1286 1196 scelus

449 1223 519 1250 vm
534 1241 544 1249 .

187 1266 306 1304 Cure.
333 1265 495 1303 Nullam
512 1265 668 1302 abduxi.

419 1319 533 1356 Ther.
564 1318 674 1356 Certe
693 1317 878 1365 eccistam,
899 1317 1019 1355 video.

695 1371 831 1408 Pkaed.
857 1370 978 1420 Virgo
994 1369 1076 1408 haec
1092 1368 1209 1407 libera
1227 1368 1286 1407 ’st-

189 1426 304 1464 Ther.
333 1423 467 1462 Mean’
486 1423 623 1461 ancilla
645 1423 763 1461 libera
791 1430 834 1461 ut
857 1423 935 1462 sit?
963 1435 1080 1473 quam
1098 1434 1167 1473 ego
1185 1434 1284 1459 nun-

184 1530 323 1570 Phaed.
342 1488 459 1576 (ἒξ
474 1489 796 1567 ἓῗίιείιὲῗιίῃὲἐᾱίι
822 1529 1023 1580 mancupio
1036 1530 1054 1567 ?
1091 1534 1158 1566 aut
1183 1528 1285 1567 unde

345 1581 469 1622 emisti
479 1582 497 1618 ’ἓ
523 1581 584 1620 fac
601 1582 731 1621 seiam.

190 1638 303 1676 Ther.
335 1637 422 1687 Ego
440 1634 594 1686 quidem
620 1648 688 1687 pro
712 1635 804 1674 istac
820 1648 901 1674 rem
922 1635 1016 1674 solvi
1037 1636 1084 1672 ab
1104 1634 1284 1686 trapezitssz

346 1701 443 1727 meo.
1236 1690 1289 1726 20

186 1744 322 1782 Plzaed.
348 1741 480 1789 Quam
499 1754 568 1792 ego
585 1741 784 1792 pecuniam
803 1741 1087 1794 quadruplicem
1109 1743 1176 1780 abs
1194 1748 1231 1780 te
1251 1748 1287 1779 et

343 1796 478 1833 lenone
495 1795 677 1841 auferam,

185 1849 267 1897 Qui
283 1850 375 1888 scias
393 1848 549 1886 mercari
565 1848 722 1886 furtivas
740 1856 853 1899 atque
871 1848 1054 1898 ingenuas
1071 1846 1248 1898 virgines.

185 1902 361 1941 Ambula
377 1902 417 1939 in
431 1903 507 1950 jus.

354 1956 468 1993 leer.
497 1954 587 1992 Non
606 1967 660 1992 eo.

521 2008 658 2045 Phaed.
689 2007 797 2046 Licet
816 2015 852 2046 te
870 2007 1074 2047 antestari?

936 2063 1051 2100 Ther.
1080 2061 1170 2100 Non
1189 2061 1286 2101 licet.

185 2117 320 2154 Plzaed.
350 2115 504 2166 Jupiter
522 2124 558 2152 te
576 2115 675 2152 male
693 2115 821 2166 perdat
840 2116 849 2152 ἱ
880 2116 1076 2154 intffitatus
1094 2115 1220 2154 vivito.
