1435 2400
285 79 363 116 238
481 77 659 118 MILES
688 77 1024 117 GLORIOSUS.
1051 76 1115 116 IV
1117 104 1128 115 .
1154 77 1192 114 2.

284 185 434 234 Milph.
461 183 553 232 Quo
571 191 795 236 argumento
808 186 828 223 ?

472 238 734 277 Pal.1nfidos
752 238 872 276 celas:
902 249 971 288 ego
989 248 1075 274 sum
1094 235 1163 275 tibi
1181 236 1293 275 firma
1306 236 1393 275 fide.

284 292 342 328 M
344 292 435 340 ilplz
463 291 568 330 Cedo
586 292 749 342 signum,
771 292 801 328 si
817 290 962 328 hamne
980 289 1218 328 Baccharum
1238 303 1288 329 es-

488 347 578 383 Pal.
607 346 729 382 Amat
746 343 881 381 mulier
900 343 1076 395 quaedam
1093 343 1310 394 quemdam.
1339 345 1390 380 25

284 398 434 446 Milph.
463 398 548 446 Pol,
569 398 665 436 istuc
684 397 838 449 quidem
857 397 1002 435 multae.

417 453 508 489 Pal.
536 455 594 489 At
612 463 686 489 non
706 451 838 488 multae
856 450 902 489 de
921 450 1039 500 digito
1057 449 1202 487 donum
1220 449 1390 487 mittunt.

283 505 432 553 Milph.
462 505 580 542 Enim
600 517 756 554 cognom
774 516 887 541 nunc.
931 503 1069 542 Fecisti
1092 502 1205 541 modo
1230 502 1327 541 mihi
1344 515 1391 541 ex

441 557 606 608 proclivo
625 557 751 608 palam
771 569 864 594 rem.

282 609 358 648 Sed
375 610 439 649 hic
457 611 637 661 numquis
656 610 790 648 adest?

442 665 531 701 Pal.
561 664 637 702 Vel
655 663 772 711 adest,
793 663 853 701 vel
876 675 968 701 non.

677 719 734 754 M
734 717 825 766 elplz
858 716 960 754 Cedo
977 722 1014 753 te
1030 715 1128 753 mihi
1145 716 1233 754 solae
1251 715 1391 754 solum.

282 770 374 807 Pal.
405 770 561 808 Brevin’
581 782 629 808 an
647 770 858 819 longinquo
877 771 1078 807 sermone?

603 825 661 860 M
660 824 753 872 zlph
782 822 926 860 Tribus
945 822 1079 860 verbis.

911 877 1001 914 Pal.
1033 875 1062 912 J
1064 887 1126 912 am
1145 874 1194 912 ad
1211 881 1249 913 te
1266 874 1389 913 redeo.

281 929 412 978 Pyrg.
444 928 577 976 Quid?
605 942 674 980 ego
700 928 764 967 hic
791 928 947 966 adstabo
974 928 1169 979 tantisper,
1200 940 1288 966 curn
1319 928 1391 966 hac

439 981 561 1020 forma
579 989 616 1020 et
634 982 755 1029 factis,
777 982 828 1019 sic
845 982 1017 1020 frustra?
1333 982 1386 1019 30

281 1037 372 1073 Pal.
376 1036 547 1101 Patere,
563 1043 677 1086 atque
695 1034 813 1072 adsta.
843 1034 936 1073 Tibi
955 1047 1038 1084 ego
1039 1033 1141 1086 hanc
1158 1033 1207 1085 dp
1218 1046 1393 1095 op9ram.

771 1087 820 1125 P
806 1101 899 1138 Jrg
929 1079 1171 1139 Proper‘dndo
1189 1087 1392 1126 excrucior.

279 1143 371 1180 Ραῖ.
403 1141 655 1180 Pedetentim.
703 1142 768 1180 Tu
795 1141 876 1179 haec
902 1141 988 1190 seis,
1017 1140 1166 1180 tractari
1191 1140 1245 1179 ita
1273 1141 1391 1179 solere

432 1195 543 1233 hasce
561 1195 782 1244 hujusmodi
800 1207 954 1233 merces.

278 1249 408 1297 Pyrg.
440 1249 542 1299 Age,
563 1262 646 1299 age,
667 1256 711 1286 ut
729 1247 796 1286 tibi
814 1259 997 1285 maxume
1014 1246 1242 1285 concinnum
1256 1247 1317 1285 'st.

596 1300 939 1340 Pal.Nu11um’st
957 1301 1028 1339 hoc
1044 1300 1218 1339 stolidius
1236 1312 1388 1340 saxum.

278 1353 409 1392 Redeo
427 1355 476 1393 ad
494 1362 553 1393 te:
586 1355 679 1406 quid
698 1368 760 1393 me
778 1353 962 1392 voluisti?

568 1411 627 1447 M
627 1410 721 1458 zlph
749 1408 840 1455 Quo
858 1413 968 1459 pacto
985 1406 1057 1445 hoc
1073 1406 1222 1445 dudum
1243 1405 1389 1458 accepi,

275 1460 381 1500 Istuc
398 1460 478 1500 fero
496 1462 545 1500 ad
564 1470 601 1501 te
620 1461 832 1500 consilium.

602 1517 694 1553 Pal.
722 1513 844 1562 Quasi
866 1513 969 1551 hunc
986 1512 1173 1563 depereat.

865 1567 1016 1615 Mz'IpIz.
1047 1566 1178 1604 Teneo
1196 1565 1305 1604 istuc.
1333 1567 1385 1604 35

274 1621 366 1657 Pal.
395 1620 620 1658 Conaudato
644 1620 808 1658 formam
826 1626 864 1657 et
881 1619 1031 1667 faciem,
1053 1626 1090 1656 et
1108 1619 1265 1658 virtutes
1284 1632 1388 1658 eom-

432 1681 653 1712 memorato.

275 1728 422 1777 Milplz.
451 1726 518 1764 Ad
545 1739 627 1764 eam
651 1739 732 1764 rem
758 1725 879 1764 habeo
905 1737 1059 1764 omnem
1084 1724 1218 1775 aciem,
1246 1726 1315 1764 tibi
1342 1733 1387 1764 ut

433 1779 581 1817 dudum
599 1779 864 1818 demonstravi.
1257 1806 1261 1809 -

275 1835 363 1871 Pal.
393 1833 459 1871 Tu
478 1840 610 1871 eaetera
629 1846 719 1871 cura
737 1840 774 1870 et
793 1831 1020 1884 contempla,
1039 1838 1077 1870 et
1093 1831 1141 1870 de
1159 1831 1254 1870 meis
1270 1844 1386 1870 vena-

431 1894 490 1924 tor
507 1886 640 1924 verbis.

272 1940 400 1989 Pyrg.
426 1939 613 1990 Aliquam
634 1939 730 1978 mihi
753 1946 902 1989 partem
921 1938 1034 1976 hodie
1052 1951 1174 1989 operae
1193 1938 1258 1977 des
1277 1937 1390 1977 deni-

431 2006 528 2044 que:
556 1993 637 2041 jam
657 1993 810 2031 tandem
830 1992 918 2030 ades
937 1992 1052 2031 illico.

272 2046 358 2084 Pal.
388 2047 558 2085 Assum:
589 2046 747 2097 impera,
769 2046 800 2083 si
819 2046 911 2096 quid
931 2045 1000 2083 vis.

624 2102 756 2149 Pyrg.
787 2098 895 2147 Quid
911 2098 1012 2137 fflaec
1028 2104 1157 2137 nan-at
1172 2097 1243 2137 tibi
1256 2100 1274 2136 ?

963 2151 1051 2190 Pal.
1079 2151 1303 2191 Lamentari
1328 2152 1382 2190 40
