1435 2400
402 123 585 162 MENAE
592 123 795 163 CHMEI.
824 125 861 163 Ι.
890 125 928 163 4.
1164 129 1211 167 91

113 234 212 270 Pen.
239 230 415 278 Quatuor
427 230 544 267 minae
561 230 704 281 periere
720 231 846 280 plane,
867 238 911 268 ut
928 231 1022 270 ratio
1039 232 1218 272 redditur.

112 287 224 323 Men.
252 283 368 322 Sci'n’
387 283 480 335 quid
498 283 583 321 volo
603 296 672 334 ego
690 291 727 321 te
745 284 946 322 accurare?

546 339 660 375 Erot.
689 337 785 375 Scio.
815 336 979 385 Curabo,
1000 351 1088 388 quae
1106 341 1218 379 voles.

114 393 230 429 Men.
257 390 363 428 Jube
390 389 506 441 igitur
530 390 638 428 nobis
666 389 786 429 tribus
818 390 922 441 apud
951 398 988 428 te
1014 392 1216 441 prandium

271 443 488 490 accurarier,
1168 448 1220 483 25

114 498 248 548 Atque
266 496 410 547 aliquid
428 497 734 534 scitamentorum
753 495 800 533 de
818 496 898 534 foro
917 497 1144 547 opsonarier,

114 550 409 589 Glandionidam
429 549 596 594 suillam,
615 549 778 586 laridum
797 550 1053 601 pemonidem,
1076 558 1143 589 aut

114 603 301 655 Sineiput,
314 610 387 694 3¹11st
403 602 610 653 polimenta
627 602 794 653 porcina,
815 610 882 641 aut
900 603 1043 654 aliquid
1062 604 1110 642 ad
1128 616 1216 642 eum

272 669 312 694 m
363 668 456 700 um;

114 709 277 748 Madida
307 722 393 760 quae
417 708 514 746 mihi
539 708 711 760 apposita
737 708 778 746 in
804 720 992 757 mensam,
1020 709 1217 749 milvinam

273 770 498 813 suggerant:

112 817 244 868 Atque
262 825 445 854 actutum.

221 872 334 908 Erot.
363 868 485 913 Licet,
507 876 659 906 ecastor.

476 924 590 960 Men.
617 921 702 959 Nos
718 922 916 973 prodimus
933 923 982 961 ad
999 923 1138 962 forum.
1165 925 1218 962 30

113 978 208 1016 Jam
240 989 307 1015 nos
335 976 399 1014 hic
425 975 590 1014 erimus:
620 974 715 1013 dum
742 976 929 1028 coquitur,
962 977 1113 1016 interim
1149 991 1218 1029 po-

272 1029 449 1067 tabimus.

112 1086 227 1122 Erot.
257 1082 423 1130 Quando
441 1082 511 1129 vis,
533 1081 644 1128 veni3
673 1088 804 1132 parata
821 1094 880 1121 res
899 1082 979 1121 erit.

759 1136 872 1172 BIen.
905 1136 1072 1187 Propera
1089 1137 1215 1175 modo.

114 1191 277 1242 Sequere
293 1197 350 1227 tu.

302 1244 401 1280 Pcn.
429 1241 516 1292 Ego
533 1242 550 1291 (
565 1240 706 1291 hercle)
725 1253 812 1279 vero
830 1248 866 1279 te
885 1249 922 1279 et
940 1243 1108 1290 servabo,
1129 1250 1166 1280 et
1184 1250 1222 1281 te

115 1352 265 1402 Neque,
289 1307 710 1410 noqiesfflutzrperdam,
737 1360 902 1386 meream
922 1347 1051 1386 Deum
1069 1348 1219 1387 divitias

111 1459 222 1495 Erot.
251 1401 417 1495 Eirgucate
444 1454 547 1492 intus
575 1453 802 1505 Cylindrum
837 1454 933 1492 mihi
961 1467 1125 1506 coquum
1155 1469 1217 1494 ac-

268 1516 395 1547 tutum
412 1508 523 1546 foras.
1164 1510 1217 1547 35

365 1668 551 1709 ACTUS
579 1669 615 1707 1.
672 1667 858 1708 SCENA
886 1667 963 1707 IV.

387 1778 622 1815 ERo‘rmM.
664 1775 955 1815 CYmNDRus.

114 1888 152 1924 E
156 1891 227 1924 rot.
254 1884 472 1936 Sportulam
487 1896 592 1934 cape,
612 1889 725 1934 atque
739 1888 953 1933 argentum.
988 1881 1109 1920 Eccos
1127 1881 1216 1920 treis

269 1949 447 1975 nummos
464 1936 590 1975 habos

112 1993 198 2041 Cyl.
228 1991 375 2030 Habeo.

260 2047 371 2082 Erot.
401 2043 496 2088 Abi,
516 2050 629 2094 atque
647 2041 846 2093 opsonium
865 2041 970 2088 affer,
991 2041 1110 2079 tribus
1130 2041 1214 2079 vide

374 2096 478 2148 quod
495 2096 543 2134 sit
560 2096 672 2140 satis3

111 2153 250 2205 Neque
267 2150 392 2196 defiat,
412 2161 534 2198 neque
551 2149 724 2199 supersit.

440 2203 525 2252 Cyl.
554 2201 810 2251 Quojusmodi
828 2201 869 2240 hi
886 2200 1057 2240 homines
1075 2206 1182 2238 erunt
1193 2199 1213 2235 ?
