1435 2400
248 123 326 161 292
495 120 928 161 MOSTELLARIA.
959 121 1041 160 ΙΙΙ.
1070 123 1108 160 2.

254 228 375 265 Τναη.
402 225 502 267 Ecce
529 235 656 266 autem
687 228 839 276 iterum,
869 240 972 267 nunc
994 227 1087 279 quid
1114 239 1184 279 ego
1211 226 1350 271 dicam,

405 282 540 320 nescio.
1276 280 1350 316 143

247 333 391 375 Iterum
409 335 490 383 jam
510 335 558 372 ad
576 347 697 372 unum
717 347 851 372 saxum
870 347 931 373 me
950 335 1086 373 fluctus
1103 333 1241 370 ferunt.

247 386 354 434 Quid
384 387 514 426 nunc?
551 400 626 426 non
650 386 838 439 (hercle),
866 388 958 439 quid
988 400 1090 426 nunc
1115 386 1265 433 faciam,
1296 397 1354 422 re-

405 440 531 490 perio:
1278 439 1351 475 145

248 492 454 531 Manifesto
473 502 609 532 teneor.

526 549 666 585 Tleeur.
697 546 918 586 Evocadum
939 546 1105 598 aliquem
1122 545 1247 584 foras:

249 598 373 648 Roga,
393 599 647 639 circumducat

509 655 627 691 Tran.
657 655 766 692 Heus
785 660 826 691 tu
843 653 852 690 !
884 653 941 690 At
959 653 1023 691 hic
1042 661 1130 691 sunt
1148 651 1349 689 mulieres:

248 704 469 743 Videndum
489 705 537 744 ‘st
564 707 747 758 primum,
775 714 905 744 utrum
935 719 987 744 eae
1012 706 1176 744 velintne
1200 716 1248 742 an
1276 715 1352 742 non

406 759 532 796 velint.

255 812 396 849 leeur.
420 812 574 850 Bonum
587 825 814 864 aequumque
827 825 921 851 oras.
952 813 1188 873 Percontare‚
1204 816 1240 847 et
1251 822 1354 860 roga.

247 864 334 914 Ego
352 864 415 902 hic
433 865 625 916 tantisper,
645 866 739 903 dum
758 865 851 912 exis,
872 873 909 903 te
928 865 1099 916 opperiar
1117 863 1218 902 soris.
1276 863 1352 901 150

254 919 372 955 Τναη.
402 917 470 955 Dii
497 925 533 955 te
553 917 721 969 Deaeque
739 930 868 956 omnes
895 918 1066 957 funditus
1092 916 1266 969 perdant,
1294 927 1352 954 se-

405 970 505 1008 nex!

246 1022 311 1060 Ita
328 1035 413 1060 mea
431 1023 585 1061 consilia
605 1023 772 1075 undique
790 1035 988 1076 oppugnas
1005 1024 1120 1062 mala.

246 1076 383 1125 Euge.
415 1077 594 1126 optume!
627 1089 756 1115 eccum
774 1076 950 1116 dominus
969 1077 1110 1115 aedium
1127 1076 1226 1114 foras

245 1128 351 1166 Simo
369 1129 632 1179 progreditur
623 1142 739 1180 ipsus.
795 1130 887 1168 Huc
904 1142 1127 1177 concessero,

245 1181 354 1218 Dum
374 1181 469 1219 mihi
488 1190 661 1220 senatum
680 1183 840 1221 consili
829 1195 869 1221 111
888 1197 951 1222 cor
968 1195 1142 1222 convoco,
1275 1182 1350 1219 155

247 1233 371 1284 Igitur
391 1242 473 1271 tum
492 1236 664 1274 accedam
691 1236 808 1284 hunc,
836 1237 1002 1288 quando,
1023 1236 1117 1288 quid
1143 1248 1269 1287 agam,
1289 1235 1350 1272 in·

405 1300 550 1327 venero.

486 1449 671 1490 ACTUS
699 1450 779 1488 III.
834 1448 1018 1489 SCENA
1047 1447 1108 1486 II.

419 1556 552 1594 Sfflo.
594 1556 945 1594 THEUROP1DES.
987 1554 1192 1593 TnAmo.

247 1663 344 1700 Sim.
376 1659 522 1699 Melius
541 1675 640 1700 anno
657 1662 729 1699 hoc
745 1660 841 1698 mihi
859 1671 933 1697 non
952 1659 1026 1696 fuit
1043 1658 1162 1707 domi,

242 1716 284 1753 N
285 1728 326 1753 ec
345 1714 497 1765 quando
515 1727 598 1753 esca
615 1728 693 1752 una
712 1726 772 1752 me
787 1713 926 1762 juverit
943 1712 1080 1762 magis.

239 1768 452 1805 Prandium
471 1780 567 1805 uxor
585 1767 680 1804 mihi
698 1769 909 1817 perbonum
928 1765 1043 1802 dedit.

241 1821 358 1858 Nunc
377 1820 583 1858 dormitum
600 1822 709 1869 jubet
726 1832 788 1858 me
806 1820 870 1858 ire.
926 1819 1118 1856 Minume.

241 1875 332 1911 Non
352 1873 447 1911 mihi
465 1873 560 1910 forte
577 1874 699 1910 visum
717 1873 817 1910 illico
835 1873 921 1921 fuit,
1321 1872 1346 1906 5

239 1927 385 1964 *Melius
404 1939 520 1978 quom
539 1926 753 1976 prandium,
774 1939 890 1976 quam
909 1925 1077 1973 solitum,
1097 1923 1211 1961 dedit.

240 1980 378 2018 Voluit
393 1981 432 2017 in
453 1979 670 2017 cubiculum
689 1979 872 2017 abducere
891 1992 954 2016 me
972 1990 1078 2016 anus.

241 2033 332 2071 Non
353 2034 474 2070 bonus
494 2044 648 2070 somnus
667 2040 721 2070 est
739 2032 786 2069 de
803 2032 962 2082 prandio
979 2046 989 2069 ι
1019 2030 1164 2082 apage!

243 2086 471 2124 Clanculum
490 2098 537 2123 ex
556 2085 698 2123 aedibus
716 2098 778 2122 me
797 2085 896 2123 edidi
912 2085 1022 2122 foras.

243 2139 342 2178 Tota
357 2147 481 2191 turget
498 2138 593 2176 mihi
612 2150 708 2176 uxor
726 2150 826 2176 nunc
847 2137 958 2190 (scio)
979 2136 1093 2176 domi.
1293 2135 1342 2174 10
