1435 2400
418 51 760 91 MERCATOR.
790 51 866 90 IV.
895 53 932 89 4.
1161 54 1236 98 173

132 157 283 207 Lysim.
309 156 405 196 Abi.

291 212 384 261 009.
412 210 535 259 Quid,
557 212 587 233 “
608 211 742 249 abaem
753 210 800 246 ‘3⁹'

556 265 708 313 Lysim.
740 264 798 309 St,
817 262 893 301 abi.

719 318 813 366 Coq.
849 316 1081 356 Abaemne?

961 371 1115 420 Lysim.
1142 372 1238 412 Abi.

129 424 222 473 009.
252 424 344 463 Non
363 424 450 464 estis
467 423 675 463 coenaturi?

583 478 737 528 Lysim.
766 475 861 515 Jam
877 476 995 514 saturi
1013 489 1157 517 sumus.
1190 479 1239 519 10

127 529 204 570 Sed
220 530 371 570 interii!

364 586 467 624 Dor.
491 583 601 633 Quid
618 585 673 623 ais
690 592 733 622 tu
747 586 766 623 ἓ
793 584 976 623 Etiamne
993 583 1076 623 haec
1093 584 1152 623 illi
1169 584 1238 624 tibi

124 636 332 676 Jusserunt
349 638 451 687 fen-i,
472 651 568 690 quos
585 637 684 676 inter
697 637 819 687 judex
837 637 965 676 datu’s
978 636 996 674 ’ἓ

130 692 223 741 009.
249 692 429 730 Haeoeine
447 700 515 731 tua
527 692 574 731 ’st
591 691 728 739 amica,
748 704 865 742 quam
882 691 1031 729 dudum
1049 692 1147 730 mihi

127 743 189 784 Te
204 757 334 785 amare
349 745 463 794 dixti,
482 739 601 798 quom
625 719 858 798 011501131135.
848 747 866 774 ⁹

831 798 982 848 Lysim.
1000 798 1093 838 Non
1110 799 1240 839 taces?

128 852 220 902 Coq.
247 852 348 892 Satis
372 852 512 892 scitum
532 852 645 892 filum
667 851 868 892 mulieris!
913 851 1055 890 Virum
1075 852 1237 905 (hercle)

283 913 380 944 avet.
458 927 469 932 -
1185 907 1234 945 15

128 958 280 1009 Lysim.
306 958 402 997 Abi'
404 959 442 997 n'
460 959 668 998 dierectus.
657 961 676 986 ⁹

502 1013 596 1061 009.
622 1012 744 1050 Haud
761 1012 865 1052 mala
882 1013 946 1050 ’st.

776 1066 932 1114 Lysim„
960 1066 1019 1103 At
1037 1072 1081 1103 tu
1099 1065 1238 1106 malus.

128 1119 220 1168 009.
240 1117 383 1157 Scitam
405 1117 575 1169 (hercle)
597 1118 729 1170 opinor
749 1118 838 1156 satis
857 1119 1108 1156 concubinam
1125 1119 1241 1158 hanc.

835 1171 991 1220 Lysim.
1021 1172 1114 1210 Non
1128 1172 1209 1210 abis
1219 1172 1238 1209 ’Β

123 1224 217 1262 Non
234 1237 304 1276 ego
322 1236 424 1273 sum,
443 1224 511 1276 qui
525 1232 562 1262 te
580 1223 729 1263 dudum
748 1223 926 1262 conduxi.

898 1278 991 1328 009.
1021 1277 1130 1326 Quid
1148 1286 1205 1318 est
1217 1281 1237 1319 ἓ

123 1330 253 1370 Immo
273 1330 445 1382 (hercle)
465 1338 508 1370 tu
526 1331 623 1370 istuc
641 1332 759 1383 ipsus·

677 1386 832 1434 Lysim.
863 1384 938 1423 Vae
954 1384 1091 1423 misero
1111 1385 1233 1424 mihi!

123 1439 218 1488 009.
245 1437 399 1490 Nempe
414 1451 512 1478 uxor
525 1438 604 1477 ruri
616 1438 664 1477 ’st
682 1445 763 1488 tua,
783 1450 901 1490 quam
919 1437 1069 1476 dudum
1086 1438 1237 1478 dixeras

120 1491 184 1531 're
201 1491 323 1531 odisse
341 1506 450 1544 aeque
467 1499 583 1544 atque
600 1492 769 1543 angueis.

508 1547 662 1596 Lysim.
689 1545 819 1597 Egon’
839 1544 1155 1586 ismcdixitihi?
1184 1547 1234 1586 21

124 1599 216 1650 009.
244 1596 351 1637 Mihi
369 1598 540 1652 quidem,
559 1599 696 1638 hercle.

557 1654 714 1702 Lyxim.
740 1651 804 1691 In
821 1664 885 1691 me
902 1652 1047 1691 amabit
1064 1652 1235 1706 Jupiter,

118 1704 244 1753 Uxor,
262 1712 307 1744 ut
324 1717 395 1757 ego
411 1705 510 1746 illud
527 1717 726 1758 nunquam
746 1705 841 1745 (1131.

809 1762 913 1798 Dor.
938 1759 1072 1800 Etiam
1090 1760 1234 1812 negas?

119 1813 213 1861 009.
245 1811 664 1860 Nonteodisseaibat,
684 1825 1138 1853 uxoremvetumsuam.

120 1867 222 1903 Dor.
249 1864 385 1903 Palam
401 1865 505 1905 istac
521 1866 634 1914 fiunt,
654 1875 693 1906 te
710 1880 773 1906 1110
790 1866 925 1906 0111350.

730 1921 884 1970 Lysim.
912 1920 1022 1968 Quin
1040 1922 1232 1973 nego.25

121 1973 214 2023 009.
242 1971 929 2014 Etuxonansummriesseaibat.

243 2078 342 2117 mihi
818 2030 971 2078 Lysim.
1001 2027 1184 2067 Haecae’
1186 2033 1231 2066 st.

119 2077 227 2126 Quid
358 2079 590 2119 111101οα115

1000 2145 1029 2171 Q
1048 2135 1073 2169 3
