1435 2400
371 104 1019 148 MENAECH.—PROLOGUS.
1193 104 1244 142 83

145 213 259 252 Pater
276 215 356 264 ejus
373 221 514 258 autem,
531 221 732 265 postquam
750 225 912 264 puerum
931 211 1109 262 perdidit,

145 267 334 305 Animum
353 267 572 319 despondit:
604 268 722 318 eaque
740 266 772 305 is
790 266 1028 316 aegritudine,
1196 263 1247 300 35

147 320 283 359 Paucis
299 321 430 360 diebus
448 331 546 372 post,
568 320 726 358 Tarenti
743 319 929 358 emortuu'
933 326 979 356 st.

148 373 355 425 Postquam
374 376 576 425 Syracusas
594 373 641 411 de
658 386 698 411 re
717 374 762 412 ea
779 372 937 410 nuntius
955 371 1053 409 redit

146 426 214 464 Ad
232 441 346 465 avum
365 441 581 478 puerorum,
601 440 764 478 puerum
784 434 999 476 surreptum
1018 423 1194 470 alterum,

149 479 378 532 Patremque
394 482 502 533 pueri
520 481 678 519 Tarenti
696 493 773 519 esse
790 486 1020 525 emortuum,

148 533 337 572 Immutat
353 547 492 573 nomen
511 548 603 572 avus
620 534 709 572 huic
726 533 877 585 gemino
895 531 1026 570 alteri·
1201 530 1252 566 40

148 585 211 624 Ita
228 587 338 624 illum
357 587 503 633 dilexit,
523 588 591 638 qui
608 588 794 638 surreptu’
799 593 845 633 st,
864 586 1040 632 alterum,

149 639 260 677 Illius
278 653 417 678 nomen
434 641 531 679 indit
545 641 617 689 1111,
637 641 704 692 qui
722 639 912 677 (101111’5ι-·.

149 691 393 731 Menaechmo
410 694 511 732 idem
530 694 633 745 quod
650 693 756 731 alteri
775 705 911 731 nomen
930 691 1018 739 fuit,

149 745 204 783 Et
219 745 324 796 ipsus
343 747 475 785 eodem
494 749 541 785 'st
556 761 648 786 avus
665 755 817 784 vocatus
835 745 1011 783 nomine:

148 799 351 850 Propterea
368 800 470 839 illius
488 813 626 838 nomen
645 800 802 838 memini
819 799 980 846 facilius,
1195 795 1246 832 45

150 851 254 899 Quia
271 853 382 891 11111111
400 854 562 892 clamore
580 854 659 891 vidi
676 853 888 904 flagitarier.

151 905 213 943 Ne
230 919 321 944 mox
340 907 480 953 erretis,
495 908 577 956 jam
594 919 696 945 nunc
713 906 875 967 praedico
892 904 1019 956 prius·

153 958 262 996 Idem
281 966 336 997 aet
352 962 537 999 ambobus
554 973 694 998 nomen
713 959 874 1011 geminis
891 959 1082 996 fratribus.

152 1011 295 1050 Nunc
285 1025 326 1049 111
340 1013 602 1063 Epidamnum
619 1013 778 1064 pedibus
795 1011 1060 1050 redeundum’
1063 1018 1097 1049 st
1114 1009 1223 1054 mihi,

151 1064 208 1102 Ut
225 1065 323 1103 hanc
339 1079 420 1103 rem
439 1067 543 1104 vobis
561 1067 790 1104 examussim
808 1066 1011 1124 disputem:
1203 1063 1254 1099 50

153 1117 195 1155 Si
213 1119 298 1168 quis
316 1119 409 1170 quid
426 1122 591 1157 vostrum
607 1119 868 1169 Epidamnum
888 1117 1009 1155 curari
1027 1116 1097 1155 sibi

153 1170 303 1217 Velit,
292 1184 324 1209 15
343 1171 518 1210 audacter
535 1172 719 1221 imperato
737 1180 774 1210 et
792 1171 928 1209 dicito:

154 1224 228 1262 Sed
246 1224 311 1270 ita,
331 1232 375 1262 ut
391 1225 468 1272 det,
488 1225 588 1263 unde
606 1225 728 1263 curari
745 1225 785 1261 id
803 1224 919 1275 possit
938 1223 1031 1261 sibi:

155 1277 275 1321 Nam,
296 1277 367 1315 nisi
389 1279 456 1329 qui
474 1286 672 1329 argentum
691 1278 844 1320 dederit,
865 1290 985 1328 nugas
1004 1276 1119 1326 egerit
1143 1287 1154 1309 2

154 1329 235 1377 Qui
253 1329 408 1378 dederit,
428 1332 550 1382 magis
566 1333 726 1380 maiores
743 1343 863 1381 nugas
881 1330 1008 1380 egerit.
1205 1330 1256 1365 55

155 1383 303 1421 Verum
331 1383 422 1423 illuc
449 1385 572 1432 redeo,
601 1383 702 1422 unde
725 1384 814 1431 abii,
843 1391 957 1434 atque
984 1395 1062 1422 uno
1086 1382 1192 1420 adsto
1217 1381 1258 1418 in

313 1437 405 1475 loco.

154 1489 463 1540 Epidamniensis
479 1490 557 1537 1118,
577 1504 691 1542 quem
713 1491 860 1528 dudum
878 1489 1060 1533 dixeram,

156 1543 365 1581 Geminum
385 1545 496 1582 illum
515 1557 675 1605 puerum
694 1544 761 1596 qui
779 1543 960 1593 surripuit
977 1543 1151 1590 alterum,

155 1596 208 1635 Ei
225 1597 445 1644 liberorum,
465 1597 538 1635 nisi
556 1598 713 1644 divitiae,
734 1597 830 1635 nihil
848 1604 948 1634 erat:

155 1649 329 1700 Adoptat
346 1651 456 1688 illum
474 1664 635 1700 puerum
655 1650 917 1701 surrepticium
1208 1648 1259 1685 60

157 1703 239 1741 Sibi
257 1703 395 1751 filium,
415 1704 524 1754 eique
542 1718 698 1742 uxorem
718 1704 885 1741 dotatam
904 1702 1029 1741 dedit:

159 1756 340 1807 Eumque
354 1757 541 1795 haeredem
558 1757 658 1805 fecit,
679 1770 796 1809 quom
813 1757 893 1807 ipse
911 1757 1003 1794 obiit
1022 1755 1136 1793 diem.

159 1810 279 1855 Nam,
294 1823 358 1847 rus
376 1818 420 1848 ut
437 1810 516 1848 ibat
530 1810 639 1855 forte,
661 1819 703 1848 ut
722 1811 887 1848 multum
906 1809 1091 1860 pluverat‚

162 1862 360 1912 Ingroesus
378 1863 537 1901 fluvium
554 1864 731 1924 rapidum
750 1865 798 1901 ab
817 1864 909 1900 urbe
926 1862 1029 1900 haud
1047 1861 1216 1912 longule,

165 1915 339 1966 Rapidus
358 1917 498 1966 raptori
515 1918 623 1967 pueri
640 1917 823 1955 subduxit
840 1916 967 1967 pedes,
1212 1914 1263 1951 65

163 1968 441 2019 Abstraxitque
454 1969 670 2007 hominem‘
661 1983 700 2008 m
714 1982 937 2007 maxumam
949 1968 1092 2006 malam
1106 1979 1265 2007 crucem·

165 2021 230 2059 Illi
248 2021 388 2059 divitiae
405 2031 609 2060 evenerunt
625 2036 830 2061 maxumae.

164 2075 206 2112 Is
223 2074 301 2112 illic
318 2074 464 2113 habitat
481 2076 654 2125 geminus
672 2076 923 2127 surrepticius.

167 2128 282 2166 Nunc
300 2128 364 2166 ille
381 2128 568 2178 geminus,
588 2129 655 2180 qui
674 2129 868 2179 Syracusis
884 2129 1010 2174 habet,
