1435 2400
235 79 316 116 346
615 79 813 119 PERSA.
843 80 919 120 IV.
950 81 990 118 4.

235 184 364 222 Dord.
395 184 560 236 Edepol,
597 186 665 238 qui
695 198 813 238 quom
843 186 941 225 hanc
969 186 1092 239 magis
1122 185 1353 238 contemplo,

395 239 518 290 magis
537 239 671 291 placet.

685 294 780 331 Tox.
811 292 853 332 Si
871 292 970 330 hanc
987 293 1136 342 emeris,
1302 293 1351 330 15

234 344 305 382 Dii
324 344 558 383 immortales
575 345 585 383 !
616 346 748 384 nullus
767 347 854 384 leno
872 353 909 383 te
927 346 1021 384 alter
1039 348 1109 385 erit
1127 346 1353 397 opulentior.

234 398 395 436 Evortes
415 406 482 436 tuo
503 399 686 437 arbitratu
705 399 876 437 homines
895 398 1040 447 fundis,
1061 400 1227 438 familiis.

234 451 336 489 Cum
364 452 533 503 optumis
565 453 652 491 viris
680 465 759 490 rem
793 452 974 490 habebis:
1009 453 1172 504 gratiam
1199 452 1354 504 cupient

394 513 501 542 tuam
515 521 526 543 z

230 557 398 596 Venient
416 558 465 596 ad
485 566 521 596 te
540 558 794 597 comissatum.

569 613 696 650 Dord.
727 613 787 650 At
805 625 874 664 ego
892 611 1095 650 intromitti
1114 624 1190 651 non
1208 613 1344 652 sinam.

239 665 335 702 Tox.
366 665 426 702 At
453 665 555 703 enim
586 665 643 703 illi
670 674 783 704 noctu
815 667 1066 704 occentabunt
1087 666 1252 712 ostium3
1283 681 1350 705 ex-

389 726 501 755 urent
519 718 639 756 fores:
1294 722 1348 759 20

233 771 400 809 Proinde
414 779 456 808 tu
477 772 545 809 tibi
560 772 694 820 jubeas
712 772 886 810 concludi
901 772 1011 810 aedeis
1030 771 1175 811 foribus
1192 773 1345 819 ferreis3

232 824 388 862 Ferreas
407 823 518 862 aedeis
536 833 773 870 commutem
803 825 938 863 limina
956 825 1063 863 indas
1081 826 1225 873 ferrea;

233 877 410 915 Ferream
431 890 551 914 seram
567 885 682 928 atque
696 879 882 916 annulum
898 893 910 925 ;
930 891 991 926 ne,
1008 879 1040 916 si
1057 878 1153 917 ferro
1171 880 1347 930 parseris,

231 930 388 968 Ferreas
408 937 488 968 tute
506 930 573 968 tibi
592 931 756 982 impingi
771 933 906 981 jubeas
925 944 1064 970 crassas
1082 933 1292 985 compedes.

230 985 358 1021 Dord.
389 984 410 1022 1
430 984 469 1021 in
488 983 634 1021 malum
655 985 878 1023 cruciatum.

497 1039 596 1075 Tox.
626 1038 646 1075 I
667 1050 780 1085 sane3
809 1038 908 1077 hanc
925 1051 1023 1087 eme,
1041 1045 1157 1091 atque
1173 1040 1346 1079 ausculta

605 1091 712 1129 mihi.
1291 1096 1344 1132 25

232 1145 356 1182 Dord.
387 1143 510 1182 Modo
529 1151 572 1182 ut
590 1145 721 1191 sciam,
743 1145 877 1196 quanti
894 1145 1045 1184 indicet.

504 1199 602 1236 Tox.
629 1197 738 1238 Vi'n'
758 1199 833 1237 huc
852 1199 1011 1238 vocem?

799 1253 928 1290 Dord.
955 1252 1042 1304 Ego
1058 1253 1127 1292 illo
1145 1266 1342 1294 accessero-

237 1305 333 1342 Tox.
361 1303 470 1352 Quid
488 1305 557 1351 ais,
576 1305 712 1357 hospes
724 1306 743 1343 ⁰?

523 1361 618 1409 Sag.
649 1359 798 1406 Veni03
829 1360 976 1400 adduco
992 1360 1105 1411 hanc,
1124 1361 1182 1399 uti
1199 1360 1348 1400 dudum

229 1466 335 1505 Nam
354 1466 435 1505 heri
455 1466 495 1504 in
513 1412 696 1518 Portussx
687 1426 928 1506 31111οΠ31113
946 1467 1073 1506 venit:
1094 1467 1231 1508 vaenire
1249 1468 1347 1507 hanc

224 1572 267 1611 Si
299 1520 520 1624 potegio’si
547 1585 624 1610 11011
653 1579 790 1623 potest,
820 1572 876 1611 ire
906 1572 996 1612 hinc
1021 1575 1121 1624 volo,
1154 1582 1343 1627 quantum

227 1681 355 1717 Dord.
383 1634 524 1718 ἒὲἶὲῗιὲ
540 1678 605 1726 sis,
625 1678 851 1717 adolescens.

543 1733 639 1782 Sag.
667 1731 866 1783 Siquidem
884 1732 984 1772 hanc
1002 1734 1204 1774 vendidero
1220 1736 1341 1787 pretio

229 1840 321 1878 Tor.
350 1838 478 1890 Atqui
494 1845 561 1876 aut
578 1838 649 1877 hoc
657 1798 810 1877 {lg-tore
827 1839 966 1878 vendes
984 1840 1157 1892 pulchre,
1176 1850 1244 1881 aut
1261 1791 1340 1882 agg

385 1905 463 1930 non
481 1899 598 1942 potes.

226 1947 322 1996 Sag.
352 1946 456 1984 Esne
474 1952 517 1983 tu
534 1944 625 1984 huic
648 1946 793 1984 amicus
807 1949 825 1985 ‚⁹

493 2001 589 2037 Tox.
623 1999 844 2091 'liamtquam
863 1999 932 2038 Dii
949 2013 1094 2051 omnes,
1114 2002 1183 2054 qui
1200 2002 1338 2041 coelum

598 2065 641 2090 co
658 2065 710 2090 un
731 2081 741 2090 .

222 2106 350 2145 Dord.
370 2106 478 2198 'fam
496 2113 539 2166 tu
557 2105 654 2144 mihi
673 2119 711 2145 es
728 2106 904 2146 inimicus
922 2115 1069 2148 certus:
1097 2121 1188 2148 nam
1208 2109 1336 2161 generi

398 2171 531 2199 enomo
