1435 2400
191 97 243 135 22
539 95 843 137 CURCULIO.
873 96 959 135 111.

193 204 289 251 Lyc.
310 202 414 241 Novi
435 202 605 254 (edepol)
623 214 786 242 nomen:
806 213 897 240 nam
915 201 1010 240 mihi
1025 201 1117 241 istoc
1129 201 1298 248 nomine,

194 255 303 293 Dum
322 256 456 304 sci-ibn,
475 255 623 307 explevi
643 263 737 295 totas
755 268 856 294 ceras
874 262 1048 307 quatuor.
1246 255 1300 292 40

194 308 269 347 Sed
288 309 380 360 quid
399 310 593 359 Lyconem
611 309 780 360 quaeris?

685 364 802 401 Cure.
833 361 1065 400 Mandatum
1079 361 1128 399 ’st
1144 359 1256 410 mihi,

193 414 251 453 Ut
268 413 336 453 has
355 415 510 453 tabellas
527 414 575 453 ad
595 427 682 453 eum
701 415 849 453 ferrem.

775 470 873 518 Lyc.
901 469 1000 516 Quis
1019 475 1061 506 tu
1079 468 1194 505 homo
1211 465 1279 505 es?

197 522 318 560 Cure.
344 520 522 560 Libertus
545 521 661 570 iuius,
682 534 796 573 quem
815 534 944 560 omnes
961 523 1215 560 Summanum
1233 531 1299 558 vo·

355 581 453 612 cant.

194 627 290 675 Lyc.
309 627 531 675 Summane,
550 627 661 665 salve.
708 626 791 675 Qui
810 626 1072 665 Summanus?
1092 625 1152 663 fac
1169 624 1299 664 sciam.

197 681 314 718 Cure.
347 679 451 727 Quia
469 681 706 727 vestimenta,
725 680 793 719 ubi
811 679 1022 718 obdormivi
1040 679 1178 725 ebrius,
1244 678 1297 715 45

193 733 428 778 Summan03
459 735 508 772 ob
527 746 611 772 &am
629 746 709 771 rem
726 746 789 771 me
807 745 937 772 omnes
954 734 1212 772 Summanum
1229 741 1297 770 vo-

193 793 203 796 “
354 793 455 826 cant.

191 840 288 888 Lyc.
316 839 424 877 Alibi
443 847 479 877 te
496 839 662 878 meliu’st
680 851 845 891 quaerere
862 838 1074 890 hospitium
1093 837 1163 877 tibi
1175 852 1188 876 z

191 891 314 943 Apud
331 905 393 930 me
410 893 576 943 profecto
596 893 691 930 nihil
709 900 764 931 est
782 893 991 931 Summano
1008 892 1093 931 loci.

194 945 269 983 Sed
287 945 403 983 istum
421 959 536 997 quem
554 946 705 997 quaeris,
724 958 794 997 ego
812 958 909 984 sum.

780 999 895 1038 Cure.
923 998 1081 1048 Quaeso,
1100 1004 1192 1037 tune
1207 997 1240 1037 is
1256 1009 1296 1036 ω

195 1051 301 1102 Lyco
319 1051 527 1103 trapezita?

434 1106 531 1154 Lyc.
557 1103 644 1155 Ego
661 1115 761 1142 sum.

674 1158 792 1196 Cure.
819 1157 991 1196 Multam
1006 1169 1069 1197 me
1084 1156 1153 1196 tibi
1247 1156 1302 1195 50

194 1210 365 1249 Salutem
380 1209 493 1259 jussit
513 1209 869 1261 Therapontigonus
887 1210 1023 1259 dicere,

195 1264 249 1303 Et
266 1263 335 1302 has
354 1263 509 1302 tabellas
528 1262 616 1301 dare
633 1276 697 1301 me
716 1263 846 1313 jussit.

771 1317 871 1367 Lyc.
899 1315 1045 1354 Mihin’
1059 1317 1078 1354 ?

996 1370 1115 1408 Cure.
1144 1367 1221 1406 Ita.

195 1422 323 1474 Cape;
355 1421 507 1473 signum
526 1432 661 1459 nosce:
692 1420 833 1459 nostin'
848 1423 867 1460 ἓ

787 1475 884 1524 Lye.
916 1472 1024 1521 Quid
1042 1474 1083 1511 ni
1100 1473 1269 1512 noverim
1281 1475 1301 1513 ἓ

194 1528 402 1579 clypeatus
418 1527 662 1578 elephantum
680 1526 749 1564 ubi
766 1527 955 1565 machaera
973 1526 1124 1565 dissicit.

199 1583 317 1621 Cure.
337 1580 454 1628 Quod
467 1580 550 1618 istic
564 1579 746 1630 scriptum
759 1580 820 1627 'st,
837 1580 879 1618 id
892 1588 929 1618 te
944 1592 1046 1618 orare
1056 1581 1233 1630 jusserat,
1253 1582 1305 1619 55

194 1634 369 1673 Profecto
387 1641 431 1671 ut
447 1633 599 1680 faceres,
621 1645 730 1670 suam
749 1633 780 1671 si
796 1633 910 1672 velles
929 1633 1102 1684 gratiam.

196 1689 293 1737 Lyc.
323 1686 519 1732 Concede3
551 1685 764 1736 inspiciam,
784 1686 878 1738 quid
897 1687 946 1725 sit
964 1687 1159 1737 scriptum.

948 1740 1068 1777 Cure.
1098 1740 1304 1790 Maxume,

197 1794 286 1832 Tuo
302 1793 497 1839 arbitratu,
518 1791 612 1829 dum
632 1792 800 1830 auferam
819 1794 885 1831 abs
900 1792 995 1837 teid
1013 1793 1115 1843 quod
1133 1801 1235 1844 peto.

195 1849 292 1896 Lyc.
325 1850 353 1868 ‘⁶
375 1846 490 1883 Miles
510 1846 655 1895 Lyconi
672 1846 712 1882 in
726 1845 937 1896 Epidauro,
958 1845 1096 1896 hospiti
1115 1859 1198 1896 suo,

197 1899 555 1950 Therapontigonus
574 1898 841 1949 Platagidorus
859 1898 1068 1950 plurimam
1252 1900 1305 1939 60

195 1954 368 1993 Salutem
388 1951 519 1989 dicit.”

535 2005 653 2043 Cure.
682 2003 799 2042 Meus
817 2004 878 2042 hic
897 2012 974 2051 est3
1003 2005 1164 2043 hamum
1184 2012 1306 2044 vorat.

197 2061 294 2108 Lyc.
324 2060 352 2081 ‘⁴
373 2058 520 2096 Tecum
539 2069 616 2105 oro,
633 2064 670 2095 et
684 2069 825 2108 quaeso,
841 2057 909 2108 qui
922 2056 991 2096 has
1005 2058 1162 2098 tabellas
1177 2058 1305 2099 afferet

198 2111 306 2158 Tibi,
323 2118 367 2149 ut
386 2111 420 2149 ei
437 2110 560 2158 detur,
581 2122 698 2160 quam
715 2109 799 2148 istic
818 2111 894 2149 emi
912 2110 1125 2161 virginem3

198 2164 314 2213 Quod
334 2172 369 2203 te
387 2171 570 2215 praesente
587 2163 670 2201 isfic
686 2163 760 2214 egi,
781 2170 893 2215 teque
911 2163 1126 2214 interprete,
