1435 2400
410 69 803 110 MENAECHMEI.
834 69 885 109 V.
915 71 954 114 7.
1157 71 1232 109 129

127 177 233 215 Mes.
261 176 416 226 Nempe
430 176 570 225 jubes?

360 231 476 268 Men.
502 229 533 267 J
535 231 632 268 ubeo
652 228 841 279 (hercle),
861 229 893 268 si
911 229 1032 281 quid
1021 230 1158 282 imperi
1178 237 1235 268 est

468 283 508 320 in
527 290 565 321 te
581 283 690 321 mihi.
1182 283 1230 320 41

128 337 231 374 11163.
259 336 385 384 Salve,
405 336 460 374 mi
478 344 648 387 patrone.

125 442 187 480 Ga
215 442 240 480 d
318 391 465 428 Servus
483 392 599 428 alius.
629 390 761 438 Quom
780 397 823 428 tu
840 390 936 428 liber
953 403 1006 438 ω,
1026 389 1233 437 Messenio,

187 455 213 480 ιι
241 455 297 481 eo.

246 498 351 534 Mes.
381 497 504 536 Credo
521 496 695 549 (hercle)
713 497 833 536 vobis.
889 497 979 547 Sed7
1006 504 1178 549 patrone,
1198 504 1236 534 te

123 603 187 640 Ne
212 603 341 665 minu}
369 553 669 656 imfflt’nihi,
698 616 818 656 quam
841 616 959 655 quom
987 612 1077 643 tuus
1106 616 1235 642 servus

122 709 245 760 Apud
269 718 307 749 te
328 686 533 757 flabiam
563 718 613 760 et,
634 711 789 763 quando
806 710 894 761 ibis,
918 711 998 750 una
1022 719 1149 749 tecum
1170 710 1235 748 ibo

280 764 452 802 domum.
1182 764 1235 800 45

123 819 238 856 Men.
264 817 458 857 Minume.

421 873 527 910 11163.
555 871 598 910 N
600 884 675 910 unc
691 873 755 911 ibo
773 873 814 910 in
832 874 1057 912 tabernam:
1087 884 1178 910 vasa
1197 877 1234 909 et

544 934 744 976 argentum
764 926 834 964 n'bi

124 978 318 1017 Referam.
370 978 491 1017 Recte
523 986 579 1017 oet
612 979 856 1030 obsignatam
891 979 933 1017 in
966 979 1096 1018 vidulo
1132 990 1236 1016 mar-

284 1043 440 1081 supmm

124 1085 226 1123 Cum
244 1085 403 1123 viatico:
433 1085 473 1122 id
491 1085 561 1124 tibi
575 1086 658 1135 jam
676 1085 753 1123 huc
770 1086 938 1124 afferam.

803 1140 918 1176 Men.
947 1138 1059 1176 Affer
1076 1145 1244 1178 strenue.

125 1194 228 1229 stres-
258 1192 417 1231 Salvum
438 1191 522 1238 tibi,
542 1192 634 1229 item
658 1199 702 1229 ut
728 1191 825 1230 mihi
843 1192 995 1240 dedisti,
1020 1191 1240 1230 redhibebo.

283 1246 364 1283 Hic
381 1257 444 1283 me
461 1257 585 1283 mane.

123 1301 234 1337 alen.
262 1299 398 1337 Nimia
423 1298 522 1336 mira
545 1298 641 1336 mihi
667 1298 823 1350 quidem
848 1297 961 1337 hodie
986 1305 1118 1336 exorta
1149 1306 1238 1337 sunt

281 1351 387 1390 miris
405 1351 540 1389 modis.
1185 1353 1238 1389 50

123 1405 208 1443 Alii
225 1418 288 1444 me
305 1413 445 1455 negant
464 1417 552 1443 eum
576 1417 655 1444 ωε
673 1405 742 1457 qui
768 1417 870 1453 sum,
891 1410 1007 1456 atque
1024 1404 1236 1443 excludunt

284 1459 396 1497 foras.

122 1513 254 1551 Etiam
279 1513 342 1550 hic
364 1524 515 1550 servum
540 1523 620 1551 aese
643 1525 682 1551 se
706 1524 838 1550 meum
862 1512 1000 1561 aiebat,
1027 1525 1143 1563 quem
1170 1524 1239 1563 ego

284 1565 392 1604 emisi
410 1577 543 1603 manu

125 1621 166 1658 Is
183 1620 250 1668 ait,
270 1632 310 1658 se
328 1618 425 1656 mihi
443 1619 651 1656 allaturum
670 1630 759 1656 eum
779 1626 934 1670 argento
953 1619 1207 1670 marsupium.

124 1673 174 1710 Id
192 1673 224 1710 si
241 1672 422 1719 attulerit,
442 1671 566 1709 dioem
585 1678 629 1708 ut
645 1684 668 1709 3
688 1685 750 1709 me
769 1674 878 1710 abeat
896 1671 994 1710 liber
1012 1685 1089 1723 quo
1108 1673 1235 1718 volet3

123 1726 187 1764 Ne
206 1733 305 1772 tum,
334 1724 487 1776 quando
514 1737 629 1763 sanus
656 1724 777 1764 sactus
806 1726 868 1773 sit,
899 1739 922 1763 3
949 1737 1012 1763 me
1038 1733 1240 1776 argentum

124 1834 236 1871 Socer
258 1785 489 1870 etpertnaetniicus
514 1844 578 1869 me
604 1831 770 1870 insanire
792 1831 979 1870 dicebant.
1035 1831 1144 1879 Quid
1173 1781 1238 1879 εῗῐό,

284 1884 381 1921 mira
398 1892 497 1922 sunt.

125 1938 167 1976 H
172 1950 223 1976 aec
242 1937 362 1975 nihilo
379 1937 477 1974 1111111
494 1951 572 1977 esse
589 1937 766 1976 videntur
784 1939 918 1984 secius,
938 1950 1056 1990 quam
1074 1938 1239 1976 somnia.

125 1991 243 2029 Nune
271 1991 334 2028 ibo
362 1989 461 2028 intro
491 1991 540 2028 ad
567 1991 667 2030 hanc
697 1992 946 2039 meretn'cem,
980 1994 1237 2042 (quamquam

287 2050 478 2081 succenset
494 2043 610 2093 mihi)

125 2097 167 2136 Si
194 2109 348 2188 possumd
367 2108 521 2136 exorare
537 2104 581 2136 ut
597 2098 742 2149 pallam
769 2097 916 2149 reddat,
935 2109 1052 2152 quam
1080 2096 1240 2136 referam

313 2161 457 2189 omum.
