1435 2400
488 69 771 110 EPIDICUS.
803 71 885 109 ΙΙΙ.
915 76 952 109 4.
1227 73 1279 110 65

165 180 273 226 Quin
292 187 335 217 tu
353 179 429 216 huc
446 178 621 230 producis
639 176 834 215 fidicinam
853 178 1174 230 Acropolistidem
1193 182 1210 217 ἓ
1230 181 1281 223 47

170 233 329 283 Peripa.
360 233 472 281 Haec,
491 231 666 283 inquam,
687 238 754 268 est.

548 286 646 322 Mil.
675 284 768 321 Non
786 284 880 330 haec,
900 285 1074 336 inquam,
1095 294 1175 324 est:
1205 297 1282 324 non

647 350 794 376 novlsse
811 350 875 376 me

170 392 305 430 Meam
325 405 404 431 rere
421 392 584 431 amioem
602 391 739 443 posse?

594 447 756 495 Periph.
783 444 913 493 Hanc,
932 445 1107 496 inquam,
1130 445 1230 483 filius

179 499 296 537 Meus
314 497 509 551 deperibat
525 498 732 537 fidicinam.

654 553 754 591 Mil.
782 552 878 591 Haec
898 564 976 590 non
995 559 1050 590 est
1070 565 1125 590 ea.
1237 554 1288 590 50

173 605 334 657 Periph.
362 606 471 654 Quid
487 608 505 644 ?
535 618 612 644 non
631 606 715 644 aet?

459 661 517 697 Μ
517 661 557 697 il.
589 659 681 698 Non
701 668 768 698 est-

645 713 805 764 Periplz.
832 712 946 750 Unde
963 712 1045 752 haec
1062 713 1179 764 igitur
1197 725 1288 764 gen-

761 768 859 805 tium
875 766 923 803 'st
933 766 951 802 ?

172 821 365 872 Equidem
391 819 564 872 (hercle)
585 828 789 871 argentum
806 833 876 871 pro
895 819 966 858 hac
985 819 1084 858 dedi.

891 875 988 911 Mil.
1014 873 1138 913 Stulte
1156 873 1290 911 datum

175 928 292 977 Reor,
312 936 429 980 atque
447 935 644 980 peooetum
662 928 828 979 largiter.

696 981 1134 1032 Periph.1mmo‚haec
1152 993 1195 1019 &a
1214 979 1286 1018 'zst

176 1034 283 1073 Nam
301 1048 452 1074 servum
470 1035 572 1082 misi,
593 1036 661 1086 qui
678 1036 810 1074 sectari
829 1036 923 1074 solet
941 1048 1073 1073 meum

179 1089 354 1126 Gnamm
368 1103 380 1126 ε
410 1089 490 1140 ipse
507 1089 606 1127 hanc
625 1090 716 1127 emit
735 1089 941 1126 fidicinam.

714 1143 810 1179 Mil.
837 1141 968 1179 Hem!
998 1141 1080 1180 istic
1098 1141 1213 1179 homo
1239 1143 1290 1178 55

178 1195 428 1233 Articulatim
445 1202 482 1234 te
500 1195 679 1243 concidit,
699 1207 828 1243 senex,
848 1203 938 1232 tuus

179 1249 330 1286 Servus.

263 1301 423 1353 Periph.
450 1301 559 1350 Quid
573 1305 590 1340 Ρ
619 1302 813 1340 concidit?

734 1357 833 1393 Mil.
862 1354 970 1393 Mihi
987 1356 1039 1394 sic
1058 1354 1222 1406 suspicio
1239 1354 1300 1394 'st.

182 1411 303 1457 Nam
323 1421 393 1461 pro
410 1408 578 1456 fidicina,
598 1409 722 1448 haecce
740 1408 935 1461 supposita
955 1409 1002 1447 ’st
1019 1409 1101 1448 tibi.

180 1465 321 1511 Senex,
342 1463 412 1501 tibi
430 1476 471 1501 os
489 1470 545 1501 cst
563 1462 749 1501 sublitum
766 1463 880 1514 plane
900 1470 936 1500 et
956 1464 1084 1514 probe.

184 1517 343 1568 Peripa.
372 1517 460 1567 Ego
477 1516 585 1554 illam
603 1517 796 1568 requiram
811 1518 907 1566 jam‚
926 1517 996 1555 ubi
1012 1517 1080 1555 ubi
1098 1524 1166 1555 oet.
1206 1517 1299 1556 Bel-

342 1570 454 1617 lator,
474 1569 570 1608 vale.
1246 1573 1298 1608 60

183 1624 322 1675 Euge!
343 1623 460 1674 frugi,
474 1623 649 1684 Epidice,
665 1623 768 1674 frugi
782 1624 844 1663 es!
867 1623 1073 1685 pugnasti!
1097 1624 1230 1663 Homo
1244 1637 1297 1672 es,

187 1678 267 1722 Qui
286 1690 351 1716 me
368 1677 577 1715 emunxisti
594 1677 808 1725 mucidum,
828 1677 981 1715 minimi
998 1680 1111 1728 preti.

187 1731 384 1769 Mercatus
401 1739 439 1768 te
455 1730 569 1769 hodie
586 1738 641 1769 aet
658 1731 705 1770 de
722 1731 859 1771 lenone
876 1731 1080 1783 Apoecidoe
1090 1732 1108 1769 2

187 1784 395 1822 Ehodum!

346 1838 440 1876 Fid.
467 1837 556 1889 Ego
579 1839 704 1877 istunc
728 1839 926 1878 hominem
950 1851 1151 1892 nunquam
1174 1837 1304 1876 audivi

452 1900 540 1930 ante
557 1892 660 1930 hunc
677 1892 806 1937 diem;

188 1944 328 1995 Neque
345 1956 408 1982 me
425 1945 579 1994 quidem
597 1958 720 1984 emere
739 1946 943 1998 quisquam
961 1945 1042 1984 ulla
1058 1945 1222 1998 pecunia
1252 1946 1302 1983 65

187 1998 345 2036 Potuit·
375 1997 492 2048 plus
477 2011 559 2046 Jam
579 2012 666 2038 sum
683 2000 801 2038 libera
819 1999 1141 2060 quinquennium.

192 2050 351 2101 Periph.
380 2050 488 2098 Quid
506 2051 575 2090 tibi
593 2054 722 2103 negoti
743 2053 790 2091 'st
807 2066 904 2092 meae
922 2053 1027 2092 domi
1043 2053 1188 2104 igitur?

939 2108 1034 2145 Fid.
1063 2106 1223 2144 Audies.

190 2157 389 2197 eonducta
411 2159 510 2208 veni,
533 2167 574 2198 ut
593 2159 730 2199 fidibus
752 2169 944 2200 cantarem
963 2160 1059 2207 seni,

1023 2223 1047 2249 G
1072 2214 1096 2247 3
