1435 2400
264 89 345 127 338
631 86 829 128 PERSA.
857 88 942 127 ΙΙΙ.
969 89 1010 126 3.

267 193 376 244 Virg.
406 193 514 242 Quin
534 201 574 232 tu
590 206 652 233 me
670 195 789 243 ducis,
810 195 840 233 si
859 208 936 246 quo
954 194 1164 243 ducturu'S,
1180 203 1286 246 pater
1302 199 1320 235 Ρ

262 247 338 285 Vel
358 256 398 285 tu
418 261 480 285 me
499 248 631 295 vende,
650 249 710 286 vel
729 249 808 287 face
827 249 928 299 quod
948 249 1017 286 tibi
1034 249 1152 286 lubet.
1321 251 1373 295 70

266 303 352 339 Sat.
382 302 536 339 Bonum
557 315 787 353 aequumque
806 314 902 339 oras.
950 303 1114 353 Sequere
1132 301 1214 340 hac.

744 357 856 405 Virg.
887 355 1000 393 Dicto
1018 368 1104 393 sum
1122 355 1293 394 audiens.

508 511 696 553 ACTUS
725 513 809 552 III.
862 512 1047 553 SCENA
1077 513 1137 552 ΙΙ.

688 620 960 659 DoRnALtJS.

268 727 467 775 Quidnam
487 740 564 765 esse
582 734 756 765 acturum
775 727 879 765 hunc
901 727 1025 765 dicam
1044 727 1212 766 vicinum
1230 741 1377 779 meum,

268 782 351 829 Qui
369 781 464 818 mihi
480 781 660 829 juratu'st
678 793 756 818 sese
775 780 887 818 hodie
905 789 1106 831 argentum
1125 781 1243 820 dare?

269 835 387 882 Quod
405 834 435 871 si
454 846 529 871 non
549 833 706 879 dederit,
726 841 840 884 atque
858 833 920 871 hic
938 833 1016 871 dies
1037 835 1270 885 praeterierit,

267 888 354 937 Ego
373 895 587 938 argentum,
607 886 672 924 ille
686 886 956 935 jusjurandum
976 887 1152 925 amiserit.

269 941 344 979 Sed
363 941 416 978 ibi
434 939 652 991 concrepuit
670 940 771 978 foris.
813 939 1004 986 Quisnam
1024 941 1213 991 egreditur
1230 941 1329 981 foras
1342 946 1362 982 ?

502 1096 687 1136 ACTUS
716 1095 800 1135 ΙΙΙ.
855 1095 1041 1134 SCENA
1069 1094 1155 1133 ΙΙΙ.

557 1204 778 1242 Tox1Lus.
824 1202 1099 1241 DORDALUS·

276 1313 373 1350 Tox.
406 1311 546 1350 Curate
563 1310 662 1349 istuc
679 1310 806 1348 intus:
834 1311 917 1359 jam
937 1322 1006 1361 ego
1028 1308 1187 1348 domum
1209 1322 1272 1348 me
1290 1310 1383 1350 reci-

428 1378 546 1415 piam.

270 1420 397 1457 Dord.
426 1418 579 1467 Toxile,
601 1417 694 1470 quid
713 1417 868 1468 agitur?

749 1473 844 1508 Tox.
877 1470 966 1508 Eho
983 1470 994 1507 ἔ
1024 1470 1152 1508 lutum
1169 1470 1381 1522 lenonium,

270 1525 530 1565 Commictum
549 1536 713 1571 coenum,
735 1524 1015 1575 sterquilinium
1035 1524 1232 1574 publicum
1249 1525 1260 1562 Ξ

269 1579 443 1629 Impure,
463 1579 675 1625 inhoneste,
695 1577 832 1626 injure,
851 1578 957 1623 illex,
978 1577 1081 1614 labes
1099 1576 1206 1628 popli
1223 1577 1234 1614 Ζ

270 1632 448 1670 Pecuniae
466 1633 655 1683 accipiter,
675 1630 783 1668 avide
801 1640 917 1681 atque
933 1629 1086 1667 invide!
1356 1635 1383 1672 5

269 1685 431 1732 Procax,
452 1698 585 1736 rapax,
606 1683 768 1722 trahax!
801 1683 996 1722 Trecentis
1015 1683 1188 1722 versibus

273 1737 379 1775 Tuas
392 1738 606 1788 impuritias
627 1735 791 1787 traloqui
810 1749 923 1774 nemo
941 1743 1076 1787 potest.

269 1791 463 1840 Accipi'n’
476 1798 675 1841 argentum
691 1791 708 1827 ἓ
727 1789 853 1841 accipe
866 1790 917 1827 sis
932 1796 1147 1841 argentum,
1163 1791 1381 1843 impudens,

271 1844 380 1883 Tene
399 1844 448 1882 sis
467 1852 690 1894 argentum:
723 1843 837 1881 etiam
856 1851 898 1881 tu
919 1850 1120 1894 argentum
1139 1851 1243 1883 tenes
1257 1848 1275 1884 ‚⁹

270 1897 434 1936 Possum
453 1904 490 1935 te
508 1897 643 1944 facere,
663 1903 707 1934 ut
725 1904 924 1946 argentum
943 1896 1117 1947 accipias,
1136 1897 1293 1936 lutum?
1333 1901 1383 1940 lo

270 1950 365 1998 Qui,
382 1951 455 1989 nisi
469 1952 596 2000 jurato
614 1949 725 1997 mihi,
745 1950 841 1987 nihil
860 1951 989 1988 ausu’s
1007 1949 1166 1989 credere.

268 2006 394 2042 Dord.
424 2005 514 2042 Sine
532 2003 713 2055 respirare
730 2015 807 2050 me,
827 2004 897 2042 tibi
915 2011 959 2041 ut
977 2003 1235 2054 respondaem.

268 2057 342 2095 Vir
359 2070 508 2095 summe
525 2057 671 2109 populi,
693 2057 886 2094 stabulum
905 2056 1152 2096 servitrieium
1168 2058 1179 2095 !

269 2110 487 2149 Scortorum
505 2111 696 2156 liberator,
718 2110 934 2149 subiculum
953 2110 1076 2161 flagri,

269 2163 524 2216 Compedium
543 2165 664 2212 tritor,
684 2163 929 2215 pistrinorum
945 2163 1101 2203 civitas!
1332 2167 1381 2204 15
