1435 2400
469 91 772 133 CURCULIO.
804 92 864 131 11.
892 94 931 131 3.
1202 95 1250 132 19

138 198 212 237 Me
229 198 297 237 ino
314 198 452 238 frustra
469 200 673 238 advenisse.
728 198 843 236 Forte
860 198 1025 250 adspicio
1045 198 1219 237 militem.

135 252 353 303 Aggredior
370 253 592 291 hominem.
622 253 744 291 saluto
762 251 977 290 adveniens.
1037 252 1247 300 “Salve,”

295 305 421 357 inquit
439 307 558 344 mihi·

135 357 344 397 Prehendit
371 360 573 398 dextram.
613 358 784 403 seducit3
825 366 947 409 rogat,
976 358 1068 409 quid
1097 360 1247 397 veniam

294 412 461 451 Cariam.
1194 414 1247 450 60

133 463 235 503 Dico
262 477 325 503 me
352 466 418 503 illo
446 464 641 504 advenisse
668 465 788 504 animi
819 466 946 504 causa.
1001 464 1064 503 Ibi
1097 477 1159 502 me
1186 465 1246 502 in-

292 526 468 570 terrogat,

130 570 334 622 Ecquem
323 585 363 610 m
378 572 576 623 Epidauro
591 571 787 622 Lyconem
806 571 1027 622 trapezitam
1046 571 1245 609 noverim?

130 622 231 662 Dico
268 637 331 663 me
368 625 528 664 novisse.
592 625 701 673 Quid
735 626 912 662 lenonem
949 624 1214 675 Cappadocem
1227 625 1246 662 Ρ

289 679 436 716 Annuo

131 729 329 769 visitasse.
386 731 510 770 “Sed
528 731 623 783 quid
647 744 736 770 eum
755 731 881 770 vis?”
884 732 968 760 -—“
989 730 1094 778 Quia
1113 731 1160 770 de
1178 732 1245 770 illo

288 785 364 823 emi
382 785 567 836 virginem

130 837 308 888 Triginta
334 839 464 885 minis,
493 847 650 886 vestem,
680 851 842 876 aurum:
876 844 914 874 et
939 850 1008 889 pro
1035 837 1081 875 iis
1110 838 1241 876 decem

288 892 516 930 coaccedunt
532 892 744 930 minae.”—-
1190 893 1240 929 65

128 946 157 967 “
177 944 330 983 Dedisti
348 954 390 984 tu
409 954 610 996 argentum
622 946 668 982 ?”
697 945 952 996 inquam.—“
973 944 1117 993 Immo,
1138 945 1242 996 apud

285 999 507 1050 trapezitam
526 999 641 1037 situm
655 999 716 1047 'st,

127 1051 249 1089 Illum
277 1065 392 1102 quem
415 1052 497 1089 dixi
515 1052 734 1103 Lyconem:
765 1060 878 1103 atque
897 1051 932 1089 ei
958 1051 1152 1099 mandavi,
1173 1051 1241 1102 qui

286 1105 429 1142 annulo
446 1117 533 1142 meo

126 1157 298 1196 Tabulas
316 1159 532 1209 obsignatas
550 1157 750 1204 attulisset,
769 1164 813 1195 ut
831 1157 937 1195 daret
955 1169 1123 1207 operam,

126 1211 184 1249 Ut
219 1211 418 1249 mulierem
455 1225 478 1249 a
513 1211 648 1249 lenone
676 1223 764 1249 cum
802 1224 895 1248 auro
923 1218 962 1249 et
989 1218 1091 1248 veste
1119 1211 1241 1249 abdu-

287 1266 480 1303 ceret.''--

128 1317 338 1369 Postquam
356 1318 429 1356 hoc
447 1317 543 1355 mihi
560 1317 735 1361 narravit,
757 1319 849 1356 abeo
867 1318 916 1355 ab
934 1317 1015 1354 iflo.
1071 1317 1241 1355 Revocat

284 1384 349 1409 me
363 1371 485 1417 illico;
1183 1372 1235 1415 70

126 1423 250 1462 Vocat
269 1425 318 1462 ad
336 1438 504 1463 coenam:
533 1423 665 1475 religio
679 1423 777 1468 fuit;
808 1424 994 1473 denegare
1011 1424 1130 1462 nolui.

125 1480 156 1500 “
180 1478 289 1526 Quid
318 1479 349 1517 si
378 1479 571 1524 adeamus,
600 1491 644 1516 ac
662 1476 1000 1515 decumbamus?’'
1033 1477 1237 1528 inquit.—

288 1534 316 1554 “
337 1532 550 1570 Consilium
567 1532 703 1582 placet.

124 1585 264 1636 Neque
278 1585 379 1623 diem
398 1585 504 1624 decet
517 1597 578 1622 me
596 1584 750 1631 morari,
770 1596 894 1634 neque
911 1584 1012 1622 nocti
1030 1583 1237 1622 nocerier.'’

126 1640 155 1660 “
176 1638 317 1677 Omnis
334 1651 391 1677 τω
410 1646 540 1690 param
557 1639 630 1676 'stz
662 1646 699 1676 et
716 1649 798 1685 nos,
818 1638 958 1688 quibus
975 1645 1151 1688 paratum
1171 1638 1234 1685 ’st,

283 1693 557 1730 assumus.''—

123 1746 333 1798 Postquam
357 1745 491 1784 coenati
517 1753 631 1796 atque
651 1744 796 1796 appoti,
825 1744 922 1783 talos
951 1744 1069 1796 poscit
1096 1744 1168 1782 sibi
1195 1744 1237 1782 in

282 1811 455 1837 manum.
1177 1798 1230 1841 75

124 1853 310 1891 Provocat
340 1865 403 1891 me
430 1853 472 1890 in
501 1852 636 1900 aleam,
662 1859 706 1890 ut
733 1864 804 1902 ego
830 1850 991 1889 ludam:
1023 1862 1124 1902 pono
1150 1850 1234 1902 pal-

283 1905 405 1943 lium:

120 1959 195 1997 Ille
213 1972 327 1997 suum
346 1960 531 1998 annulum
549 1959 750 2011 opposuit:
779 1959 928 1996 invocat
947 1957 1184 1996 Planesium.

123 2014 263 2052 Phaed.
293 2013 454 2051 Meosne
472 2026 616 2051 amores
629 2016 648 2051 1>

386 2067 504 2105 Cure.
531 2067 635 2105 Tace
653 2079 871 2118 parumper.
930 2065 959 2103 J
961 2065 1036 2103 acit
1053 2063 1233 2102 volturios

498 2128 668 2172 quatuor.
