1435 2400
202 74 280 112 306
454 69 886 111 MOSTELLARIA.
919 73 992 111 IV.
1025 73 1062 111 3.

292 178 396 216 Tlccu
404 191 435 216 r.
454 177 592 225 Quid?
614 181 643 217 is
665 180 775 218 aedeis
794 180 886 218 emit
902 179 966 219 hic
985 191 1193 230 proxumas
1212 181 1230 217 Ρ
1259 179 1311 217 60

206 233 337 270 ΡῘιαη.
367 232 456 269 Non
477 232 547 269 aio.

516 288 658 324 Thcur.
688 287 953 338 Quadraginta
971 287 1083 325 etiam
1102 287 1206 326 dedit
1223 286 1312 326 huic

613 353 698 390 quae
717 348 839 378 essent
857 340 1004 391 pignori
1018 342 1036 378 Ρ

209 393 338 430 ΡΙιαη.
367 392 504 444 Neque
522 392 618 430 illud
637 394 706 431 aio‘

320 446 462 483 leenr.
495 447 570 484 Hei
587 447 596 483 !
627 447 763 496 perdis.

421 501 551 537 len.
582 500 724 547 Immo,
745 513 857 538 suum
878 507 1023 550 patrem
1042 500 1121 539 illic
1138 500 1314 552 perdidit.

215 553 358 590 Theur.
387 552 490 590 Vera
507 561 657 591 cantas:
688 566 785 590 vana
804 554 938 591 vellem
959 554 968 591 !

664 608 793 644 ΡΙιαη.
828 607 951 645 Patris
969 607 1111 644 amicus
1130 607 1314 646 videlicet.

216 660 359 697 Theur.
389 659 505 697 Heu!
545 659 690 710 edepol,
719 668 866 711 patrem
894 673 981 698 eum
1011 660 1192 698 miserum
1220 674 1318 712 prae-

369 711 469 750 dicas
485 713 494 749 !

504 768 633 804 Plean·
660 766 771 804 Nihil
790 768 861 805 hoc
879 766 1033 817 quidem
1054 775 1122 812 est,

212 818 389 870 Triginta
425 819 554 863 minae,
592 833 670 870 prae
699 833 816 871 quam
849 820 942 858 alios
978 820 1141 871 dapsiles
1170 828 1320 860 sumtus

370 872 472 911 facit.
1265 875 1319 912 65

214 925 384 963 Perdidit
401 934 559 977 patrem.
601 927 713 964 Unus
730 926 814 964 istic
830 939 957 965 servus
975 933 1030 964 est
1048 939 1282 966 sacen-umus

215 978 381 1015 Tranio:
403 979 434 1016 is
454 981 512 1018 vel
531 979 685 1018 Herculi
697 986 885 1017 conterere
896 986 1086 1029 quaestum
1098 980 1250 1030 possiet.

214 1031 378 1082 Edepol,
407 1045 470 1071 me
499 1034 579 1082 ejus
610 1032 726 1084 patris
757 1032 932 1078 miseret;
975 1032 1043 1083 qui
1075 1045 1191 1084 quom
1218 1033 1321 1072 istaec

375 1094 466 1124 sc1et

212 1138 330 1175 Facta
348 1137 414 1186 ita,
435 1142 608 1179 amburet
625 1140 761 1179 misero
780 1140 814 1178 ei
832 1139 1025 1178 corculum
1043 1141 1309 1180 carbunculus·

222 1192 364 1229 leeur.
397 1193 593 1244 Siquidem
611 1194 713 1232 istaec
731 1206 817 1231 vera
835 1200 934 1231 sunt.

163 1248 168 1257 “
320 1246 448 1283 ΡΙιιιη.
482 1247 588 1290 Quid
606 1259 763 1293 merear,
784 1248 1032 1297 quamobrem
1050 1247 1241 1285 mentiar?
1270 1247 1322 1292 70

216 1297 326 1336 Heus
345 1311 410 1336 vos
426 1300 435 1336 !
467 1300 594 1351 eequis
610 1300 721 1338 hasce
748 1300 897 1349 aperit?

413 1355 551 1391 leeur.
581 1353 689 1400 Quid
707 1353 799 1391 istac
817 1353 958 1403 pultes,
978 1353 1046 1391 ubi
1063 1365 1176 1392 nemo
1194 1353 1326 1393 intus?

218 1407 347 1443 ΡΙιαη.
385 1406 480 1444 Aljo
516 1407 625 1445 credo
661 1407 905 1446 comissatum
940 1407 1075 1444 abisse.
1123 1407 1326 1446 Abeamus

378 1472 481 1498 nunc
496 1461 589 1509 jam.

226 1513 369 1551 leeur.
410 1514 547 1560 Puere,
573 1515 705 1564 jamne
735 1511 842 1552 abis?
891 1512 1063 1551 Libertas
1091 1515 1244 1564 paenula
1273 1520 1329 1553 est

381 1574 486 1616 tergo
504 1574 582 1605 tuo.

223 1620 351 1657 ΡΙιαη.
371 1619 489 1666 Mihi,
509 1620 582 1657 nisi
592 1620 727 1657 herum
746 1626 915 1657 metuam
935 1625 971 1658 et
989 1631 1131 1668 curem,
1150 1619 1247 1658 nihil
1259 1627 1329 1670 est,

383 1674 450 1723 qui
469 1679 619 1722 tergum
638 1679 776 1723 tegam.

454 1828 640 1870 ACTUS
669 1830 747 1870 IV.
803 1829 988 1870 SCENA
1018 1831 1105 1870 ΙΙΙ.

519 1935 877 1977 THEUROPIDES.
917 1939 1050 1977 Simo.

231 2043 378 2082 Theur.
405 2043 531 2081 Perii!
573 2044 722 2083 hercle!
764 2045 858 2097 quid
885 2057 982 2097 opus
1010 2051 1067 2084 est
1094 2043 1246 2084 verbis?
1288 2053 1335 2086 ut

383 2098 497 2136 verba
514 2097 641 2146 audio,

224 2150 316 2190 Non
335 2150 510 2204 equidem
528 2151 569 2190 in
589 2152 806 2204 AEgyptum
824 2152 914 2193 hinc
931 2151 1045 2193 modo
1064 2158 1190 2193 vectus
1207 2152 1278 2203 fui,
