1435 2400
175 84 224 120 42
522 79 801 120 EPIDICUS.
829 80 871 119 1.-
897 81 931 117 l.

618 189 728 225 Thes
758 187 952 224 Audacter
970 187 1145 237 quamvis
1164 186 1291 226 dicito.

186 241 305 291 Epid.
339 240 445 287 Quid
465 241 547 279 ais?
579 239 799 292 perpetuon'
820 239 998 277 valuisti?

617 295 726 332 lees.
757 293 884 331 Varie.

707 347 825 395 Epid.
856 346 935 393 Qui
955 347 1054 384 varie
1073 347 1212 395 valent,
1247 347 1293 383 15

187 399 445 451 Capi-igenum
464 399 664 438 hominum
684 411 758 436 non
778 399 901 450 placet
927 399 1036 448 mihi,
1057 412 1180 451 neque
1198 411 1293 451 pan-

347 452 538 490 therinum
557 465 688 503 genus.

195 507 307 544 Thes.
338 505 445 552 Quid
464 506 532 544 tibi
552 507 606 544 vis
624 506 762 552 dicam,
787 506 859 543 nisi
877 506 979 557 quod
999 506 1079 543 est?

619 560 739 608 Epid.
768 559 823 597 Ut
840 559 906 596 ina
923 559 1147 610 respondeas
1165 559 1295 609 probe.

189 612 297 659 Quid
315 612 442 650 herilis
460 620 585 650 noster
602 612 703 649 filius
716 612 734 647 P
762 612 890 651 valet?

649 666 757 702 Thes.
789 665 960 715 Pugilice
978 672 1091 716 atque
1109 664 1296 702 athletice.

189 719 309 768 Epid-
335 719 374 756 V
375 719 620 769 oluptabilem
639 718 735 756 mihi
757 719 936 756 nuntium
962 725 1028 756 tuo
1051 718 1216 756 adventu
1239 725 1297 754 at-

348 772 480 810 tulisti.
523 772 597 811 Sed
615 772 682 810 ubi

191 824 264 862 Est
281 823 313 861 is
327 826 344 861 Ρ

303 877 413 914 Thes.
443 876 598 914 Adveni
616 878 743 916 simul.

349 931 468 978 Epid.
497 931 576 968 Ubi
594 931 624 968 is
644 945 730 982 ergo
750 933 835 969 est?
864 931 936 969 nisi
956 931 986 968 si
1010 931 1049 968 in
1069 929 1214 978 vidulo,
1245 931 1297 968 20

191 983 276 1022 Aut
294 982 324 1020 si
343 983 383 1020 in
402 983 543 1021 melina
561 985 732 1021 attulisti.

625 1038 735 1075 Thes.
758 1037 827 1074 Dii
845 1044 881 1074 te
898 1036 1057 1087 perdant
1072 1037 1081 1073 !

984 1091 1106 1139 Epid.
1135 1090 1194 1128 Te
1213 1090 1298 1129 volo

191 1143 431 1180 percontari:
462 1156 614 1194 operam
633 1143 707 1191 da;
735 1156 848 1195 opera
864 1142 1074 1181 reddibitur
1091 1143 1172 1181 tibi.

197 1197 308 1234 Thes.
337 1196 367 1233 J
369 1209 413 1233 us
431 1196 536 1234 dicis.

351 1250 469 1298 Epid.
497 1250 570 1288 Me
587 1249 703 1288 decet.

504 1304 614 1340 Thes.
644 1304 674 1341 J
675 1317 738 1341 am
757 1311 800 1341 tu
819 1310 948 1342 autem
966 1303 1075 1341 nobis
1092 1311 1296 1353 praeturam

614 1357 711 1406 geris
727 1359 745 1395 Ρ

189 1409 308 1457 Epid.
338 1407 468 1455 Quem
497 1409 596 1446 dices
624 1409 834 1459 digniorem
859 1421 938 1447 esse
964 1409 1158 1448 hominem
1185 1410 1297 1449 hodie

347 1461 512 1500 Athenis
531 1462 721 1500 alterum?

195 1515 306 1553 Thes.
335 1514 393 1551 At
411 1527 533 1553 unum
552 1528 575 1552 a
591 1515 757 1565 praeturafft
775 1515 854 1559 tufi,
873 1515 1048 1565 Epidice‚
1073 1517 1189 1554 abest.

813 1571 932 1619 Epid.
963 1569 1188 1612 Quidnam?

961 1624 1071 1660 Thes.
1100 1622 1214 1662 Scies.
1241 1624 1293 1660 25

186 1673 356 1713 Lictores
375 1675 464 1723 duo,
486 1674 562 1712 duo
579 1674 734 1712 viminei
752 1674 868 1713 fasces
887 1675 1092 1725 virgarum.

952 1731 1071 1779 Epid.
1101 1728 1175 1768 Vae
1192 1729 1290 1769 tihi!

187 1780 263 1819 Sed
280 1781 375 1832 quid
393 1781 447 1819 ais
461 1783 479 1819 ?
1279 1780 1283 1784 ’

354 1835 466 1873 Thes.
494 1833 602 1881 Quid
624 1835 760 1886 rogas?

536 1889 659 1937 Epid.
686 1888 766 1926 Ubi
784 1901 890 1926 arma
909 1896 998 1927 sunt
1018 1890 1260 1942 Stratippocli
1274 1894 1292 1930 ?

193 1942 304 1978 Thes.
332 1941 419 1988 Pol,
439 1940 504 1978 illa
522 1941 571 1978 ad
588 1941 728 1979 hosteis
742 1942 1036 1993 transfugerunt.

523 1995 642 2044 Epid.
670 1995 870 2033 Armane?

155 2077 161 2087 ,
737 2050 849 2085 Thes.
877 2048 1011 2100 Atque
1030 2049 1186 2101 quidem
1207 2050 1297 2089 cito.

186 2102 304 2152 Epid.
334 2100 486 2140 Serione
505 2100 597 2139 dicis
615 2108 658 2139 tu
671 2103 689 2139 ?

505 2155 615 2193 Thes.
644 2154 762 2206 Serio,
782 2155 964 2207 inquam:
995 2156 1118 2197 hostes
1138 2157 1290 2197 habent.
