1435 2400
473 87 776 128 CURCULIO.
801 88 854 125 V.
875 89 913 126 3.
1189 87 1241 124 35

140 196 183 236 Si
199 195 402 248 quisquam
419 195 518 233 hanc
533 194 680 233 liberali
696 194 910 233 assennaeet
928 205 1060 241 manu,
1191 193 1242 231 68

139 249 231 289 Sine
248 248 499 288 οοηττονετείἓι
515 260 628 287 omne
643 256 843 298 argentum
863 246 1026 286 reddere.

141 304 276 342 Phaed.
304 303 422 340 Nunc
435 314 565 340 eamus
582 300 632 339 ad
649 301 837 339 lenonem.

571 355 687 392 Ther.
713 354 863 392 Laudo.

670 409 805 446 Phaed.
834 409 922 446 Hoc
939 408 1044 458 prius
1063 407 1161 455 volo,
1191 408 1243 452 70

141 462 276 502 Meam
295 476 376 501 rem
393 476 513 512 agere.

409 516 526 554 Ther.
554 515 663 563 Quid
680 514 720 552 id
738 521 793 552 ω’(
810 516 828 552 ἓ

529 569 669 607 Pkaed.
696 568 753 606 Ut
770 567 867 606 mihi
887 568 986 606 hanc
1003 566 1246 618 despondeas.

147 623 267 662 Cure.
295 621 400 671 Quid
422 635 555 670 cessas,
573 622 696 669 miles,
714 621 813 660 hanc
829 621 920 660 huic
936 634 1094 660 uxorem
1109 620 1197 658 dare
1211 623 1228 658 ἓ

149 677 268 715 Ther.
294 676 336 715 Si
354 675 436 714 haec
454 677 544 715 volt·

410 730 524 767 Plan.
552 729 616 767 Mi
634 729 761 776 frater,
780 728 903 780 cupio.

786 784 901 821 Ther.
930 781 962 820 F
965 781 1029 819 iat.

871 837 990 875 Cure.
1018 835 1125 873 Bene
1143 834 1245 874 facis.

145 889 282 928 Phoed.
311 887 544 941 Spondesne,
561 888 683 938 miloe,
703 889 799 927 mihi
816 889 914 927 hanc
930 901 1090 926 uxorem
1107 891 1125 926 ἓ

913 943 1029 980 Ther.
1061 941 1248 992 Spondeo.

145 996 283 1036 Phaed.
311 995 367 1035 Et
383 1007 453 1047 ego
471 994 562 1034 huic
579 995 707 1035 cibum
724 995 804 1033 una
822 995 1000 1047 spondeo.

746 1050 862 1086 Ther.
891 1049 1037 1098 Lepide
1054 1049 1157 1087 facis.
1196 1049 1247 1093 75

145 1101 222 1142 Sed
239 1113 369 1141 eoeum
386 1101 576 1150 lenonem,
599 1100 770 1153 [incedig
792 1101 1011 1140 thesaurum
1032 1103 1196 1154 meum]

387 1260 572 1300 ACTUS
600 1261 652 1301 V.
708 1260 894 1301 SCENA
922 1261 1005 1300 ΠΙ.

158 1367 437 1408 CAPPADOX.
476 1367 960 1407 THERAPONTIGONUS.
1002 1370 1237 1408 PHAEnRo-

485 1421 920 1460 MUS.PLANESIU)1.

148 1529 246 1580 Cap.
274 1527 512 1578 Argentariis
535 1527 637 1567 male
658 1527 758 1567 credi
780 1528 848 1580 qui
871 1528 992 1577 aiunt,
1013 1541 1134 1581 nugas
1157 1542 1254 1582 prae-

146 1635 254 1674 Nam
272 1581 478 1673 adtigztet
494 1634 595 1673 male
613 1635 713 1674 credi
733 1634 840 1673 dieo:
871 1635 912 1673 id
936 1635 1029 1674 adeo
1050 1636 1162 1675 hodie
1184 1649 1254 1686 ego

306 1696 483 1739 expertus
501 1700 600 1727 sum.

149 1741 241 1780 Non
258 1741 359 1779 male
378 1741 554 1802 credifun
569 1741 638 1794 qui
653 1753 852 1794 nunquam
866 1742 1053 1790 reddunt;
1072 1743 1136 1781 sed
1150 1756 1256 1794 pror-

149 1847 270 1886 Velut
294 1807 436 1886 ‹1⁵3ss
437 1802 570 1887 e{11-11it13as
592 1848 687 1887 dum
706 1848 769 1888 hic
792 1849 915 1899 solvit,
942 1850 1087 1889 omneis
1109 1862 1258 1888 mensas

156 1901 479 2004 Postquffi
498 1954 554 2003 fit,
574 1955 736 1996 clamore
752 1957 946 1995 hominem
965 1969 1089 2008 posco.
1128 1957 1230 1995 Ille
1219 1970 1259 1994 1n

309 2007 373 2055 jus
392 2019 454 2046 me
474 2015 594 2047 vocat.

154 2059 337 2099 Paesume
353 2061 488 2109 metui,
506 2073 555 2100 ne
578 2062 674 2101 mihi
697 2063 809 2103 hodie
835 2063 940 2115 apud
964 2072 1163 2114 praetorem
1188 2064 1262 2101 sol-

155 2166 304 2205 Verum
315 2121 430 2206 {3ss
447 2169 739 2219 eampum-unu
765 2169 887 2209 reddit
905 2178 1105 2221 argentum
1124 2169 1248 2207 domo.
