1435 2400
169 84 244 122 138
495 80 833 122 MERCATOR.
867 82 900 121 Ι.
933 83 965 120 l.

438 241 620 281 ACTUS
648 243 686 281 I.
742 242 923 281 SCENA
952 241 988 279 Ι.

560 348 875 389 PROLOGUS.

587 455 847 494 CHARINUS.

161 562 270 600 Duas
288 575 345 599 res
363 561 478 600 simul
496 574 598 600 nunc
616 574 726 612 agere
744 561 936 599 decretum
948 561 995 598 'st
1012 559 1132 598 mihi:

159 615 214 653 Et
231 623 500 665 argumentum
519 623 557 653 et
575 628 679 653 meos
698 628 842 652 amores
861 615 1025 665 eloquar.

161 669 253 706 Non
272 681 340 718 ego
358 668 458 706 idem
478 668 587 715 facio,
607 675 651 705 ut
665 667 757 705 alios
776 668 815 704 in
830 667 1020 705 comoediis

161 721 254 759 Vidi
272 721 392 759 facere
410 728 608 769 amatores,
629 721 696 771 qui
713 728 780 758 aut
799 721 927 767 Nocti,
947 728 1013 758 aut
1032 719 1123 766 Die,

158 774 244 812 Aut
263 774 354 821 Soli,
376 782 441 811 aut
462 775 595 817 Lunae,
616 774 783 811 miserias
800 780 955 811 narrant
973 786 1084 811 suas:
1239 773 1263 808 5

161 827 269 874 Quos
290 826 390 877 (pol)
411 840 480 877 ego
500 827 609 865 credo
627 827 814 864 humanas
833 826 1086 877 querimonias

161 880 252 918 Non
272 881 365 918 tanti
385 881 517 928 facere,
539 879 631 930 quid
649 880 776 923 velint,
797 880 891 930 quid
908 892 985 916 non
1004 879 1133 917 velint.

159 933 280 971 Vobis
299 935 457 971 narrabo
475 933 600 983 potius
618 945 720 970 meas
739 945 840 970 nunc
859 932 1038 970 miserias.

162 986 292 1024 Graeee
311 986 390 1024 haec
409 994 562 1024 vocatur
581 988 772 1034 Emporos
791 985 1039 1032 Philemonis,

157 1039 307 1077 Eadem
326 1039 463 1076 Latine
482 1040 686 1076 Mercator
705 1038 830 1076 Marci
848 1038 973 1076 Accii.
1217 1037 1264 1075 10

159 1093 272 1130 Pater
291 1091 339 1129 ad
356 1100 566 1129 mercatum
584 1091 645 1129 hic
664 1104 725 1129 me
743 1104 850 1129 meus
867 1090 972 1128 misit
989 1090 1185 1128 Rhodum.

158 1145 397 1183 Biennium
383 1158 464 1194 jam
484 1145 652 1182 factum'
655 1151 700 1188 st,
720 1152 921 1195 postquam
938 1144 1015 1182 abii
1033 1143 1159 1182 domo.

158 1199 221 1236 Ibi
241 1211 368 1235 amare
385 1198 510 1248 occepi
527 1197 650 1235 forma
669 1197 807 1235 eximia
825 1197 1037 1235 mulierem.

161 1251 248 1299 Sed,
273 1264 317 1288 ea
343 1259 387 1288 ut
409 1251 480 1288 sim
505 1251 728 1302 implicitus,
753 1250 891 1297 dicam,
916 1250 948 1287 si
970 1263 1084 1300 opera
1099 1249 1146 1288 ’st
1166 1250 1267 1288 auri-

317 1306 402 1349 bus,

158 1358 292 1408 Atque
304 1357 352 1395 ad
362 1357 642 1395 advortundum
657 1358 733 1395 huc
745 1357 917 1394 animum
928 1356 1032 1393 adest
1042 1356 1267 1407 benignitas.

159 1412 213 1449 Et
230 1411 302 1449 hoc
319 1423 455 1462 parum
475 1411 589 1448 etiam
607 1423 712 1448 more
729 1411 918 1459 majorum
937 1408 1078 1446 institi:
1216 1411 1264 1447 16

157 1464 285 1511 Prius,
313 1476 357 1501 ac
383 1469 622 1514 percontatus
650 1476 735 1501 sum
762 1476 842 1511 vos,
871 1462 990 1499 sumsi
1010 1461 1193 1500 indicium
1219 1462 1266 1499 il-

315 1517 401 1553 lico.

155 1571 263 1608 Nam
277 1581 446 1606 amorem
462 1569 543 1607 haec
562 1576 696 1607 cuncta
712 1567 804 1606 vitia
821 1567 951 1605 sectari
969 1568 1103 1617 solent,

158 1623 274 1670 Cura,
294 1621 492 1672 aegritudo,
513 1622 707 1673 nimiaque
721 1621 918 1681 elegantia.

157 1677 256 1714 Haec
282 1687 358 1713 non
387 1675 499 1712 illum
526 1675 641 1712 modo
668 1675 735 1725 qui
756 1681 874 1721 amat,
904 1675 967 1713 sed
992 1688 1183 1726 quemque
1207 1682 1264 1712 at-

315 1728 412 1778 tigit,
1213 1730 1265 1766 20

158 1782 306 1832 Magno
325 1789 440 1832 atque
457 1780 574 1819 solido
593 1781 732 1818 multat
748 1780 967 1819 infortunio.

157 1837 198 1873 N
201 1848 240 1873 ec
259 1834 361 1885 (pol)
383 1835 550 1884 profecto
569 1835 787 1885 quisquam,
807 1834 886 1872 sine
904 1835 1039 1885 grandi
1056 1835 1172 1884 malo,

157 1889 364 1939 Praequam
383 1901 440 1925 res
458 1888 612 1938 patitur,
634 1887 778 1925 studuit
795 1888 1000 1938 elegantiae.

158 1941 234 1980 Sed
252 1941 372 1978 amori
389 1940 570 1979 accedunt
587 1940 701 1978 etiam
718 1941 812 1988 haec,
832 1955 917 1991 quae
936 1941 1018 1979 dixi
1035 1941 1178 1989 minus,

159 1994 370 2041 Insomnia‚
387 2005 571 2042 aerumna,
592 2006 703 2038 error,
722 2001 850 2042 terror,
872 2002 909 2032 et
927 1994 1032 2045 fuga,
1211 1995 1263 2031 25

160 2047 325 2098 Inepfia,
344 2047 579 2098 stultitiaque
597 2047 703 2094 ade0‚
724 2053 760 2084 et
777 2048 980 2096 temeritas,

157 2100 425 2151 Incogitantia,
445 2113 573 2138 excors
589 2100 842 2146 immodestia,

157 2153 388 2204 Petulantia,
408 2153 607 2205 cupiditaS,
627 2160 664 2193 et
680 2152 967 2193 malevolentia:
