1435 2400
300 67 486 108 MILES
511 67 974 109 GLORIOSUS.I.I.
1123 67 1192 107 191

91 177 222 225 Pyr-g.
249 174 309 213 At
325 145 574 225 indiligenter
582 175 646 214 hic
664 188 779 213 eram.

672 230 786 267 Arto.
805 229 892 273 Pol,
913 229 944 267 si
961 228 1118 280 quidem
1145 228 1197 265 28

88 282 276 320 Connisus
295 294 404 328 esses,
424 294 492 332 per
509 281 667 329 corium,
694 296 761 333 per
779 282 931 329 viscera,

87 335 236 387 Perque
254 348 308 381 os,
331 335 531 386 elephanto
549 336 747 373 brachium
765 336 1047 374 transmitteres.
1146 335 1198 372 30

89 390 222 438 Pyrg.
252 389 355 427 Nolo
373 389 474 427 istaec
490 389 554 427 hic
571 402 687 427 nunc.

298 444 413 480 Ανΐο.
441 443 505 480 Ne
525 443 694 494 (hercle)
716 456 839 493 operae
856 443 1023 493 pretium
1041 441 1196 493 quidem

86 495 191 533 Mihi
210 503 247 533 te
264 508 448 543 enarrare,
469 503 553 534 tuas
571 497 639 547 qui
658 496 813 534 virtutes
831 496 959 534 sciam.

87 549 232 588 Venter
245 558 346 587 creat
364 549 509 587 omneis
527 550 596 587 has
615 562 826 587 aerumnas:
857 550 1012 588 auribus

87 603 358 640 Peraudiunda
376 611 477 650 sunt,
499 615 547 641 ne
560 603 691 641 dentes
710 603 906 641 dentiant:
932 596 970 636 ι’(
988 627 992 630 >

83 656 138 693 Et
156 656 425 695 assentandum
440 657 502 699 'st,
518 656 706 707 quidquid
723 657 786 695 hic
803 656 1037 695 mentibitur.
1145 655 1197 692 35

88 711 219 760 Pyrg.
251 709 358 757 Quid
375 709 486 755 illud,
507 711 610 760 quod
629 710 711 748 dico
724 713 742 747 1>

364 765 479 801 Arto.
507 764 611 801 Hem
628 764 638 801 Ξ
670 764 745 802 scio
759 764 857 813 jam,
877 762 972 815 quid
989 763 1045 802 vis
1063 763 1198 801 dicere.

84 817 248 855 Factum
263 815 326 864 ’st,
345 817 493 856 hercle:
523 817 683 856 memini
699 817 794 856 fieri.

548 873 678 922 Pyrg.
708 871 818 919 Quid
834 871 875 909 id
893 878 949 909 est
964 873 982 909 ‚⁹

760 926 877 963 Arto.
908 923 1110 976 Quidquid
1128 931 1194 963 est.

85 980 217 1028 Pyrg.
247 978 379 1017 Habes
396 978 554 1017 tabellas
567 980 585 1016 Ρ

413 1033 528 1070 Arto.
558 1032 630 1070 Vis
647 1034 810 1083 rogare?
839 1031 976 1079 habeo,
997 1038 1034 1070 et
1052 1031 1195 1069 stilum.

88 1085 214 1135 Pyrg.
243 1085 379 1124 Facete
406 1085 570 1123 advortis
597 1085 770 1123 animum
798 1092 910 1123 tuum
941 1085 991 1123 ad
1023 1084 1197 1122 animum

247 1151 392 1176 meum.
730 1148 741 1171 s
1174 1164 1178 1167 v
1217 1159 1221 1161 -

86 1193 124 1230 A
131 1197 200 1229 rto
232 1192 395 1230 Novisse
412 1205 534 1230 mores
553 1205 616 1230 me
635 1196 726 1229 tuos
735 1159 922 1230 meditate
932 1162 1067 1237 decen.
1145 1192 1197 1228 40

85 1246 304 1296 Curamque
322 1245 514 1293 adhibere,
534 1254 577 1283 ut
595 1246 774 1296 praevolet
789 1242 899 1293 inihi,
920 1258 997 1296 quo
1015 1253 1059 1282 tu
1078 1245 1182 1282 velis.

87 1301 142 1338 P
128 1312 219 1348 Jrg.
247 1299 402 1350 Ecquid
418 1299 654 1336 meministi?

480 1354 596 1399 Arte.
625 1352 806 1399 Memini,
827 1360 980 1391 eentum
1002 1353 1041 1390 in
1063 1351 1198 1391 Cilicia

83 1405 137 1443 Et
156 1405 445 1457 quinquaginta,
464 1414 619 1444 centum
638 1405 946 1457 Sycolatronidae‚

83 1459 260 1510 Triginta
278 1459 402 1507 Sardi,
423 1460 619 1510 sexaginta
639 1459 881 1506 Macedones,

83 1513 182 1551 Sunt
195 1513 381 1559 homines,
400 1520 443 1551 tu
462 1526 558 1564 quos
577 1513 744 1551 occidisti
762 1525 839 1551 uno
858 1513 930 1551 die.
1144 1514 1196 1551 45

85 1567 140 1604 P
126 1579 216 1616 Jrg
245 1566 431 1615 Quanta
420 1576 523 1605 1staec
539 1567 743 1605 hominum
761 1580 914 1604 summa
929 1566 999 1605 ’.st
990 1569 1007 1592 '³

743 1622 858 1658 Arto.
888 1621 1043 1672 Septem
1060 1620 1195 1658 millia.

84 1674 215 1723 Pyrg.
247 1656 420 1714 Tantum
439 1687 518 1712 esse
535 1681 704 1725 oportet.
735 1682 834 1712 recte
851 1675 1035 1712 rationem
1054 1680 1170 1712 tenes.

83 1727 199 1764 Arto.
227 1728 286 1765 At
304 1728 428 1766 nullos
447 1728 566 1766 habeo
580 1728 760 1778 scriptos;
792 1727 842 1766 sic
860 1728 1019 1766 memini
1037 1734 1178 1765 tamen.

84 1781 206 1829 Pyrg
245 1781 409 1832 Edepol,
428 1782 611 1820 memoria
630 1781 677 1819 ’st
694 1789 867 1832 optuma.

723 1835 835 1872 Arto.
865 1834 955 1874 Offa
973 1847 1036 1872 me
1054 1842 1196 1872 monet.

85 1887 218 1936 Pyrg.
247 1887 356 1925 Dum
386 1888 501 1925 talem
533 1888 662 1935 facies,
693 1888 846 1938 qualem
877 1888 1016 1935 adhuc,
1047 1887 1196 1926 assiduo

247 1940 327 1978 edis
341 1955 351 1977 z
1143 1942 1195 1978 50

85 1993 388 2032 Communicabo
407 2001 443 2032 te
461 2007 608 2044 semper
625 1995 757 2034 mensa
773 1995 872 2034 mea.

84 2048 200 2085 Arm.
218 2046 326 2094 Quid
340 2047 379 2084 in
392 2047 633 2099 Cappadocia
646 2050 664 2086 ,⁹
684 2049 752 2087 ubi
767 2057 809 2087 tu
824 2049 1051 2100 quingentos
1065 2046 1196 2093 simul,

85 2100 142 2138 Ni
158 2100 272 2138 hebes
291 2100 477 2138 machaera
494 2100 604 2149 foret,
624 2114 702 2139 uno
719 2102 796 2141 ictu
815 2103 1010 2141 occideres-

83 2152 141 2191 At
159 2153 347 2204 peditatsss
364 2154 533 2205 reliquiae
550 2163 670 2201 erant,
690 2155 722 2192 si
741 2155 918 2193 viverent.
