1435 2400
275 76 353 114 216
478 74 655 115 MILES
685 73 1016 114 GLORIOSUS.
1046 75 1104 114 11.
1133 75 1170 113 6.

275 181 376 219 Feci.

384 236 520 284 Perip.
549 235 690 283 Immo,
710 235 888 286 indigne:
912 246 1077 285 namque
1093 233 1288 272 hominem
1303 247 1380 272 ser-

435 301 524 326 vum
545 300 632 326 suos
1324 289 1378 325 80

276 340 451 379 Domitos
467 341 603 379 habere
621 349 766 393 oportet
783 341 925 388 oculos,
945 348 982 378 et
999 352 1149 387 manus,

277 393 586 445 Orationemque.

594 449 688 486 Scel.
719 449 882 498 Egone?
913 447 966 492 Si,
987 454 1071 496 post
1088 447 1190 484 hunc
1208 446 1324 494 diem,

276 499 500 544 Muttivero‚
521 500 631 538 etiam
653 501 755 551 quod
774 508 921 551 egomet
939 507 1038 537 certo
1056 500 1186 546 sciam,

275 553 377 591 Dato
394 553 647 591 excruciatum
668 567 752 591 me:
784 563 931 604 egomet
950 553 1085 590 dedam
1110 566 1172 590 me
1190 552 1272 590 tibi.

276 605 392 644 Nunc
410 606 481 644 hoc
497 607 594 643 mihi
612 607 795 656 ignoscas,
817 619 956 657 quaeso.

611 662 748 709 Perip.
781 660 944 697 Vincam
963 659 1135 696 animum
1154 671 1298 706 meum,
1328 660 1379 696 85

275 712 338 750 Ne
355 712 538 750 malitiose
557 712 698 750 factum
718 713 758 750 id
777 726 856 750 esse
874 714 939 749 abs
959 719 995 749 te
1013 712 1180 750 arbitrer.

276 767 476 817 Ignoscam
495 765 565 803 tibi
584 766 691 803 istuc.

701 820 795 857 Scel.
825 818 881 855 At
901 817 967 855 Dii
987 819 1056 856 tibi
1073 819 1211 856 faciant
1230 820 1336 856 bene.

277 874 414 922 Perip.
445 872 533 918 Nae‚
559 879 600 909 tu
621 872 803 917 (hercle),
827 872 859 908 si
883 879 919 908 te
944 871 1013 908 Dii
1041 880 1184 919 amant,
1207 872 1379 922 linguam

432 925 655 975 comprimes

277 978 461 1016 Posthac:
494 978 606 1015 etiam
622 977 732 1022 illud,
753 977 855 1027 quod
874 977 977 1025 scies,
998 977 1216 1016 nesciveris:

275 1033 339 1069 Ne
358 1031 508 1078 videris,
529 1030 630 1081 quod
649 1029 796 1067 videris.

832 1085 928 1121 scel.
954 1084 1060 1121 Bene
1077 1096 1140 1121 me
1157 1096 1300 1122 mones.
1327 1086 1380 1123 90

277 1138 339 1174 Ita
357 1137 476 1175 facere
495 1145 637 1174 certum
654 1139 711 1174 ’st.
752 1136 824 1175 Sed
845 1137 970 1174 sati'n'
989 1144 1114 1175 oratus
1133 1136 1212 1174 abis
1227 1137 1245 1173 't'

275 1189 478 1242 Numquid
497 1203 599 1228 nunc
615 1190 719 1227 aliud
737 1202 799 1227 me
817 1190 871 1227 vis
882 1190 900 1226 ’ἓ

896 1244 1034 1293 Perip.
1067 1243 1128 1282 Ne
1146 1256 1207 1282 me
1220 1245 1379 1283 noveris.

277 1299 374 1335 scel.
405 1297 521 1334 Dedit
540 1297 600 1335 hic
618 1297 713 1334 mihi
732 1298 855 1334 verba.
889 1297 1019 1344 Quam
1037 1297 1200 1347 benigne
1217 1297 1377 1348 gratiam

276 1351 308 1387 F
311 1351 394 1396 ecit,
415 1362 461 1388 ne
479 1351 596 1388 iratus
615 1358 708 1388 esset
724 1350 732 1387 !
765 1350 864 1397 Scio,
884 1362 1001 1400 quam
1019 1363 1099 1387 rem
1117 1358 1244 1400 gerat:

273 1404 330 1441 Ut
349 1404 480 1451 Miles,
501 1417 618 1454 quom
637 1403 826 1453 extemplo
844 1416 867 1440 a
885 1403 965 1440 foro
983 1402 1158 1441 adveniat
1175 1403 1348 1452 domum,

276 1456 395 1493 Domi
414 1457 715 1506 comprehendat.
759 1457 850 1493 Una}
866 1456 928 1492 hic
947 1463 983 1493 et
1002 1456 1196 1493 Palaestrio
1327 1459 1380 1496 96

273 1509 345 1546 Me
363 1509 503 1547 habent
521 1510 703 1547 vaenalem
718 1523 728 1546 ε
759 1509 870 1553 sensi,
886 1516 922 1546 et
937 1508 1165 1557 jamdudum
1184 1509 1270 1548 scio.

275 1561 488 1613 Nunquam
515 1561 684 1611 (hercle)
712 1575 758 1599 ex
783 1562 858 1599 ista
881 1562 992 1598 nassa
1020 1574 1089 1611 ego
1117 1562 1229 1601 hodie
1257 1575 1379 1602 escam

435 1623 573 1666 petam.

274 1668 379 1705 Nam
395 1669 476 1716 jam
495 1668 623 1719 aliquo
641 1668 852 1718 aufugiam,
879 1676 916 1706 et
939 1682 1001 1706 me
1023 1669 1216 1707 occultabo
1233 1669 1380 1721 aliquot

433 1721 525 1765 dies,

272 1774 380 1812 Dum
399 1774 459 1812 hae
477 1775 723 1813 consilescunt
742 1777 875 1823 turbae,
896 1782 1008 1826 atque
1026 1775 1091 1812 irae
1110 1775 1271 1814 leniunt.
1302 1777 1379 1814 100

271 1827 375 1865 Nam
392 1829 472 1876 jam
492 1840 594 1865 nunc
611 1829 698 1865 satis
717 1836 753 1866 et
771 1829 857 1879 pius
876 1829 994 1866 nimio
1012 1828 1134 1866 merui
1152 1829 1255 1866 mali.

271 1881 562 1927 Verumtamen,
583 1881 629 1917 de
647 1893 708 1918 me
727 1882 912 1932 quidquid
931 1890 999 1928 est,
1020 1882 1083 1919 ibo
1100 1881 1189 1919 hinc
1206 1883 1380 1921 domurn²

271 1936 407 1983 Per-ip.
439 1934 524 1971 Illic
542 1934 630 1971 hinc
647 1935 832 1972 abscessit.
876 1937 942 1974 Sat
962 1934 1126 1985 (edepol)
1146 1943 1245 1973 certo
1263 1936 1352 1982 scio,

271 1986 446 2024 Occisam
461 2000 560 2037 saepe
579 1999 708 2037 sapere
725 1988 811 2037 plus
829 1989 951 2026 multo
970 2001 1074 2026 suem
1089 2001 1099 2024 ε

270 2039 422 2086 Quoine
441 2040 641 2087 eximatur,
663 2052 710 2079 ne
727 2041 781 2086 id,
802 2042 904 2092 quod
921 2041 1029 2088 vidit,
1050 2041 1207 2079 viderit!
1300 2042 1374 2080 105

270 2092 374 2130 Nam
395 2093 494 2130 illius
513 2093 625 2139 oculi,
645 2100 758 2144 atque
777 2107 897 2142 aures,
918 2102 1033 2146 atque
1051 2094 1194 2143 opinio,

267 2146 522 2197 Transfugere
540 2146 589 2184 ad
603 2159 682 2184 nos.
726 2148 858 2199 Usque
877 2149 999 2187 adhuc
1017 2155 1144 2186 actum
1159 2148 1206 2185 ’st
1223 2149 1351 2198 probe.
1388 2170 1389 2173 =
