1435 2400
222 90 300 132 270
493 87 925 129 MOSTELLARIA.
953 89 989 127 Ι.
1019 90 1057 127 3.

229 195 350 233 Illum
376 194 447 233 tibi
467 201 650 233 aeternum
677 202 787 247 putes
810 195 889 233 fore
912 195 1080 234 amicum
1106 202 1143 233 et
1166 196 1328 234 benevo-

386 247 538 286 lentem.
1275 251 1327 287 38

229 301 372 339 Moneo
391 314 460 352 ego
478 309 538 339 te:
568 309 605 340 te
622 301 764 340 deseret
781 301 845 339 ille
863 309 970 340 aetate
988 307 1025 340 et
1042 301 1222 340 satietate.

233 355 403 392 Plaeilem.
434 354 524 393 Non
543 367 661 405 spero.

500 409 638 458 Scaph.
667 408 865 458 Insperata
882 406 1058 446 accidunt
1075 407 1198 458 magis
1216 421 1329 460 saepe,

618 474 734 513 quam
753 474 838 511 quae
857 472 990 510 speres.
1281 463 1334 501 40

228 513 438 563 Postremo,
454 514 485 553 si
498 514 605 553 dictis
618 514 751 565 nequis
768 512 923 563 perduci
940 520 984 550 ut
997 525 1084 551 vera
1095 513 1177 552 haec
1190 514 1331 563 credas,

226 567 321 606 Mea
338 567 438 606 dicta
455 581 504 606 ex
527 567 634 606 factis
662 579 797 605 nosce:
827 579 907 605 rem
931 565 1049 613 vides,
1073 580 1159 618 quae
1183 567 1270 616 sim,
1293 575 1331 606 et

385 634 470 673 quae
488 621 545 658 fui
563 629 662 659 ante.

226 673 359 712 Nihilo
378 687 460 724 ego,
481 687 598 725 quam
625 685 726 711 nunc
752 680 810 721 tu,
836 680 962 711 amata
985 685 1097 719 sum;
1128 681 1242 725 atque
1264 674 1331 712 uni

385 727 499 766 modo
517 727 614 778 gessi
631 739 791 773 morem,

226 780 308 828 Qui
339 779 447 832 (pol)
479 793 554 828 me,
584 780 652 818 ubi
677 786 785 818 aetate
811 778 883 816 hoc
904 786 1019 830 caput
1039 779 1201 818 colorem
1226 793 1330 819 com-

385 840 560 879 mutavit,

229 886 415 937 Reliquit,
431 886 668 937 deseruitque
686 898 762 923 me.
802 884 894 923 Tibi
907 885 1009 923 idem
1023 885 1196 924 futurum
1211 887 1330 926 crede.

227 941 372 977 Plzilol.
403 939 482 977 Vix
501 939 743 988 comprimor,
763 939 856 989 quin
880 938 1044 977 involem
1070 938 1128 976 illi
1146 939 1186 977 in
1205 941 1332 979 oculos

388 992 639 1030 stimulatrici.
1280 995 1332 1032 46

230 1046 399 1083 Philem.
428 1045 558 1084 Solam
580 1045 638 1083 illi
658 1057 721 1082 me
745 1043 815 1082 soli
836 1056 967 1083 censeo
985 1056 1064 1083 esse
1081 1052 1252 1096 oportere
1269 1048 1336 1085 ob-

388 1111 426 1136 se
454 1106 618 1136 uentem.

227 1152 355 1189 Solam
373 1112 452 1189 ingl
456 1163 518 1189 me
536 1152 605 1189 soli
624 1151 694 1189 sibi
713 1163 781 1189 suo
797 1150 984 1189 liberavit.

229 1206 376 1243 Philol.
399 1206 488 1249 Pro,
504 1204 573 1242 Dii
590 1204 846 1242 immortales!
876 1204 1077 1243 mulierem
1095 1205 1275 1258 lepidam,
1296 1214 1333 1246 et

386 1258 524 1309 pudico
542 1257 694 1308 ingenio
710 1257 719 1295 !
990 1260 997 1264 ’

226 1311 335 1349 Bene
364 1309 535 1362 (hercle)
563 1311 732 1357 facturn;
766 1318 804 1349 et
829 1309 977 1362 gaudeo
1004 1310 1102 1350 mihi
1128 1312 1226 1352 nihil
1256 1326 1334 1352 esse

384 1364 500 1414 hujus
519 1364 644 1402 causa.
1281 1369 1333 1406 50

227 1419 367 1468 soaph.
400 1417 542 1456 Inscita
564 1420 737 1464 (ecastor)
756 1424 798 1455 tu
818 1417 973 1468 quidem
992 1431 1046 1456 es.

491 1472 659 1509 Philem.
688 1471 962 1522 Quapropter?

811 1525 951 1574 Scaph.
978 1525 1079 1573 Quae
1096 1525 1193 1565 istuc
1210 1539 1332 1576 cures,

226 1577 282 1616 Ut
300 1584 337 1616 te
353 1578 419 1616 ille
436 1586 549 1616 amet.

386 1632 552 1670 Philem.
580 1630 662 1669 Cur
681 1631 866 1677 (obsecro)
887 1642 961 1669 non
983 1643 1113 1670 curem
1128 1634 1146 1671 ?

859 1685 998 1733 soaph.
1027 1685 1168 1724 Libera
1186 1699 1225 1725 es
1238 1688 1340 1736 jam.

228 1736 295 1775 Tu
309 1738 407 1787 jam,
426 1736 529 1788 quod
546 1737 755 1788 quaerebaS‚
775 1736 915 1775 habes:
945 1738 1024 1785 ille,
1043 1739 1171 1784 tenisi
1188 1741 1333 1780 amabit

386 1790 501 1837 ultro,
1200 1791 1208 1797 ’

230 1843 293 1893 Id,
323 1856 393 1895 pro
425 1843 546 1894 capite
572 1849 640 1881 tuo
667 1843 770 1895 quod
801 1843 918 1893 dedit,
951 1843 1155 1896 perdiderit
1183 1853 1335 1887 tantum

384 1910 407 1935 a
453 1906 542 1935 enti.

227 1950 374 1988 Philol.
405 1910 507 1988 lr‘gen'i
537 1949 726 2000 (hercle),
756 1951 797 1988 ni
821 1964 890 2003 ego
914 1951 1021 1991 illam
1050 1953 1236 2005 pessumis
1263 1967 1331 1993 ex-

383 2003 518 2054 emplis
536 2004 714 2044 enicasso.
1279 2010 1330 2045 55

228 2056 303 2094 Illa
320 2056 417 2095 hane
435 2058 642 2109 corrumpit
659 2057 858 2096 mulierem
877 2059 1097 2098 malesuada
1115 2060 1280 2099 vitilena.

226 2110 395 2148 Philem.
424 2110 638 2162 Nunquam
657 2125 726 2163 ego
748 2110 806 2150 ilh'
825 2124 980 2164 possum
999 2112 1159 2163 gratiam
1178 2114 1330 2167 referre,

386 2169 430 2202 ut
448 2164 636 2206 meritu'st
653 2164 701 2206 de
717 2177 791 2205 me.
819 2202 822 2208 .
