1435 2400
203 104 282 142 100
479 104 871 144 MENAECHMEI.
895 105 953 144 II.
981 107 1018 143 3.

864 213 969 249 Mes.
998 211 1060 249 Ne
1077 210 1215 249 feceris.
1244 211 1295 248 62

202 261 352 311 Peristi,
372 263 403 302 si
420 261 585 301 intrassis
603 263 700 301 intra
715 263 844 302 limen.

788 319 900 354 Men.
932 316 1036 360 Quin
1055 324 1134 354 tace
1152 317 1292 354 modo:

200 369 307 407 Bene
323 381 382 407 τω
408 368 570 420 geritur:
601 369 827 418 assentabor,
856 369 1041 420 quidquid
1068 369 1179 417 dicet,
1206 381 1292 406 mu-

354 422 460 467 lieri3

198 473 239 512 Si
257 475 398 525 possim
415 475 623 526 hospitium
647 476 819 514 nancisci.
862 475 1118 522 Jamdudum,
1144 474 1294 520 mulier,

357 529 425 566 tibi
1242 527 1294 563 65

198 580 292 617 Non
318 580 536 631 imprudens
567 581 812 619 advorsabar:
853 581 956 620 hunc
983 582 1213 628 metuebam,
1249 591 1296 617 ne

354 646 448 671 meae

197 686 319 723 Uxori
337 687 564 724 renuntiaret
583 686 628 725 de
646 687 748 738 palla
767 695 803 725 et
821 687 867 726 de
885 687 1055 739 prandio.

200 739 330 786 Nunc,
350 739 500 790 quando
519 739 587 787 vis,
608 753 736 778 eamus
753 741 862 778 intro.

619 796 730 831 Erot.
760 793 888 831 Etiam
905 792 1109 844 parasitum
1128 803 1257 828 manes
1272 792 1291 828 ?

198 846 311 882 Men.
340 846 475 896 Neque
506 858 575 895 ego
602 846 713 884 mum
741 859 887 895 maneo,
921 858 1043 896 neque
1070 843 1292 882 floccifacio:

354 910 487 949 neque,
509 899 539 936 si
558 899 713 946 venerit,

200 949 304 987 Eum
325 950 410 988 volo
428 951 638 989 intromitti.

499 1006 610 1042 Erot.
639 1005 810 1051 Ecastor,
829 1003 932 1042 haud
950 1003 1068 1041 invita
1084 1002 1214 1041 fecero.
1243 1003 1296 1047 70

196 1055 271 1094 Sed
289 1056 393 1094 sci'n'
413 1056 506 1107 quid
524 1065 560 1094 te
577 1059 712 1095 amabo
730 1065 772 1094 ut
789 1057 933 1095 facias?

689 1112 801 1147 Men.
832 1111 986 1160 Impera
1003 1108 1151 1160 quidvis
1169 1108 1297 1147 modo.

197 1164 310 1199 Erot.
343 1162 492 1200 Pallam
507 1162 628 1209 illam,
644 1176 759 1214 quam
774 1163 920 1201 dudum
935 1162 1102 1209 dederas,
1119 1161 1167 1199 ad
1179 1161 1296 1212 phry-

355 1216 506 1265 gionem
525 1224 568 1253 ut
586 1216 741 1264 deferas,

196 1267 252 1305 Ut
266 1269 561 1315 reconcinnetur,
578 1276 691 1320 atque
704 1277 748 1306 ut
761 1282 873 1319 opera
887 1268 1084 1313 addantur,
1098 1280 1183 1318 quae
1197 1267 1295 1305 volo.

197 1322 312 1358 Men.
328 1322 480 1367 Hercle,
493 1322 585 1372 quin
599 1328 640 1359 tu
655 1330 751 1360 recte
766 1322 875 1360 dicis:
894 1322 1023 1360 eadem
1037 1320 1292 1370 ignorabitur;

198 1373 261 1411 Ne
280 1386 375 1411 uxor
393 1382 589 1423 cognoscat
609 1382 646 1411 te
664 1375 814 1421 habere,
834 1375 866 1412 si
883 1375 922 1412 in
942 1374 1004 1411 via
1022 1372 1264 1423 conspexerit.

198 1428 310 1464 Erot.
337 1427 443 1476 Ergo
461 1439 551 1464 mox
569 1427 713 1465 auferto
731 1435 870 1475 tecum,
889 1426 1040 1477 quando
1058 1425 1190 1463 abibis.

873 1482 986 1518 Men.
1014 1478 1214 1516 Maxume.
1243 1478 1295 1521 76

198 1533 312 1570 Erot.
341 1533 488 1570 Eamus
505 1533 616 1570 intro.

448 1587 561 1623 Men.
589 1586 618 1623 J
620 1598 682 1623 am
701 1599 834 1637 sequar
852 1593 900 1624 te.
942 1585 1059 1623 Hunc
1078 1585 1161 1623 volo
1179 1584 1294 1622 etiam

558 1639 731 1689 colloqui.

197 1689 298 1739 Eho,
318 1690 508 1729 Messenio
525 1691 534 1728 Ξ
565 1691 695 1729 accede
712 1692 799 1729 huc.

567 1745 672 1782 Mes.
700 1744 807 1792 Quid
825 1745 952 1794 negoti
966 1744 1013 1781 'st
1024 1744 1042 1780 ’Ξ

857 1799 969 1835 Men.
998 1797 1066 1835 St!
1097 1796 1190 1835 scire
1207 1796 1295 1835 vis?

200 1851 305 1888 Mes.
334 1849 440 1894 Quid
458 1849 574 1900 ergo?

417 1904 530 1941 Men.
558 1903 711 1953 Opu'st.

567 1958 667 1994 Mes.
694 1956 801 2003 Quid
820 1957 945 2007 opu’st
957 1960 975 1996 ἲ

679 2011 791 2047 Men.
820 2010 915 2054 Scio,
936 2017 981 2048 ut
998 2023 1060 2048 me
1077 2010 1187 2048 dices.

795 2064 898 2101 Mes.
927 2063 1054 2101 Tanto
1070 2062 1226 2113 nequior
1243 2074 1293 2099 es.

202 2118 316 2154 Men.
354 2115 490 2153 Habeo
519 2115 684 2167 praedam
698 2130 710 2154 z
752 2122 901 2154 tantum
932 2116 1054 2167 incepi
1085 2115 1217 2166 operis.
1259 2115 1295 2160 Ι,

357 2175 542 2218 quantum
561 2176 704 2220 potest:
1247 2168 1299 2204 80
