<?xml version="1.0" encoding="UTF-8"?>
<!DOCTYPE html PUBLIC "-//W3C//DTD XHTML 1.0 Transitional//EN"
    "http://www.w3.org/TR/xhtml1/DTD/xhtml1-transitional.dtd">
<html xmlns="http://www.w3.org/1999/xhtml" xml:lang="en" lang="en">
 <head>
  <title>
</title>
<meta http-equiv="Content-Type" content="text/html;charset=utf-8" />
  <meta name='ocr-system' content='tesseract 3.04.00' />
  <meta name='ocr-capabilities' content='ocr_page ocr_carea ocr_par ocr_line ocrx_word'/>
</head>
<body>
  <div class='ocr_page' id='page_1' title='image "./comoediaesupers02plauuoft_0013.png"; bbox 0 0 1435 2400; ppageno 0'>
   <div class='ocr_carea' id='block_1_1' title="bbox 488 52 1249 94">
    <p class='ocr_par' dir='ltr' id='par_1_1' title="bbox 488 52 1249 94">
     <span class='ocr_line' id='line_1_1' title="bbox 488 52 1249 94; baseline -0.005 -1"><span class='ocrx_word' id='word_1_1' title='bbox 488 53 791 94; x_wconf 85' lang='lat' dir='ltr'>CURCULIO.</span> <span class='ocrx_word' id='word_1_2' title='bbox 821 52 856 90; x_wconf 96' lang='grc' dir='ltr'><strong>Ι.</strong></span> <span class='ocrx_word' id='word_1_3' title='bbox 889 53 925 91; x_wconf 87' lang='lat' dir='ltr'><strong>l.</strong></span> <span class='ocrx_word' id='word_1_4' title='bbox 1225 55 1249 89; x_wconf 88' lang='lat'>5</span> 
     </span>
    </p>
   </div>
   <div class='ocr_carea' id='block_1_2' title="bbox 127 158 1246 2218">
    <p class='ocr_par' dir='ltr' id='par_1_2' title="bbox 127 158 1246 2218">
     <span class='ocr_line' id='line_1_2' title="bbox 352 158 1245 211; baseline -0.004 -12"><span class='ocrx_word' id='word_1_5' title='bbox 352 161 484 199; x_wconf 77' lang='lat' dir='ltr'><em>Phaed.</em></span> <span class='ocrx_word' id='word_1_6' title='bbox 511 160 617 207; x_wconf 85' lang='lat' dir='ltr'><strong>Quia</strong></span> <span class='ocrx_word' id='word_1_7' title='bbox 632 159 829 211; x_wconf 86' lang='lat' dir='ltr'><strong>proprium</strong></span> <span class='ocrx_word' id='word_1_8' title='bbox 845 158 966 196; x_wconf 82' lang='lat' dir='ltr'><strong>facio.</strong></span> <span class='ocrx_word' id='word_1_9' title='bbox 996 170 1083 196; x_wconf 89' lang='lat' dir='ltr'><strong>amo</strong></span> <span class='ocrx_word' id='word_1_10' title='bbox 1107 158 1245 209; x_wconf 84' lang='lat' dir='ltr'><strong>pariter</strong></span> 
     </span>
     <span class='ocr_line' id='line_1_3' title="bbox 452 212 1243 252; baseline -0.006 0"><span class='ocrx_word' id='word_1_11' title='bbox 452 213 578 252; x_wconf 68' lang='lat' dir='ltr'><strong>simul.</strong></span> <span class='ocrx_word' id='word_1_12' title='bbox 1191 212 1243 248; x_wconf 82' lang='lat'><strong>48</strong></span> 
     </span>
     <span class='ocr_line' id='line_1_4' title="bbox 139 263 1246 312; baseline 0 -10"><span class='ocrx_word' id='word_1_13' title='bbox 139 265 271 303; x_wconf 78' lang='lat' dir='ltr'><strong>Palin.</strong></span> <span class='ocrx_word' id='word_1_14' title='bbox 306 264 443 304; x_wconf 79' lang='lat' dir='ltr'><strong>Malus</strong></span> <span class='ocrx_word' id='word_1_15' title='bbox 471 265 725 305; x_wconf 67' lang='lat' dir='ltr'><strong>clandoetinus</strong></span> <span class='ocrx_word' id='word_1_16' title='bbox 754 272 812 304; x_wconf 88' lang='lat' dir='ltr'><strong>est</strong></span> <span class='ocrx_word' id='word_1_17' title='bbox 837 275 958 312; x_wconf 87' lang='lat' dir='ltr'><strong>amor,</strong></span> <span class='ocrx_word' id='word_1_18' title='bbox 989 263 1174 302; x_wconf 85' lang='lat' dir='ltr'><strong>damnum</strong></span> <span class='ocrx_word' id='word_1_19' title='bbox 1198 263 1246 302; x_wconf 86' lang='lat' dir='ltr'><strong>’st</strong></span> 
     </span>
     <span class='ocr_line' id='line_1_5' title="bbox 292 331 457 357; baseline -0.006 0"><span class='ocrx_word' id='word_1_20' title='bbox 292 331 457 357; x_wconf 86' lang='lat' dir='ltr'><strong>merum.</strong></span> 
     </span>
     <span class='ocr_line' id='line_1_6' title="bbox 137 372 872 424; baseline -0.001 -14"><span class='ocrx_word' id='word_1_21' title='bbox 137 372 267 415; x_wconf 68' lang='lat' dir='ltr'><strong><em>Phaed.</em></strong></span> <span class='ocrx_word' id='word_1_22' title='bbox 295 372 367 410; x_wconf 88' lang='lat' dir='ltr'><strong>Est</strong></span> <span class='ocrx_word' id='word_1_23' title='bbox 388 372 557 424; x_wconf 83' lang='lat' dir='ltr'><strong>(hercle)</strong></span> <span class='ocrx_word' id='word_1_24' title='bbox 577 373 632 410; x_wconf 92' lang='lat' dir='ltr'><strong>ita</strong></span> <span class='ocrx_word' id='word_1_25' title='bbox 649 379 692 410; x_wconf 90' lang='lat' dir='ltr'><strong>ut</strong></span> <span class='ocrx_word' id='word_1_26' title='bbox 707 379 750 410; x_wconf 91' lang='lat' dir='ltr'><strong>tu</strong></span> <span class='ocrx_word' id='word_1_27' title='bbox 767 372 872 410; x_wconf 86' lang='lat' dir='ltr'>dicis.</span> 
     </span>
     <span class='ocr_line' id='line_1_7' title="bbox 521 423 1240 473; baseline -0.006 -10"><span class='ocrx_word' id='word_1_28' title='bbox 521 427 653 464; x_wconf 81' lang='grc' dir='ltr'><strong><em>Ραῖὶη.</em></strong></span> <span class='ocrx_word' id='word_1_29' title='bbox 679 425 821 463; x_wconf 86' lang='lat' dir='ltr'><strong>Jamne</strong></span> <span class='ocrx_word' id='word_1_30' title='bbox 840 438 884 463; x_wconf 87' lang='lat' dir='ltr'><strong>ea</strong></span> <span class='ocrx_word' id='word_1_31' title='bbox 900 423 973 462; x_wconf 89' lang='lat' dir='ltr'><strong>fert</strong></span> <span class='ocrx_word' id='word_1_32' title='bbox 987 425 1126 473; x_wconf 87' lang='lat' dir='ltr'><strong>jugum</strong></span> <span class='ocrx_word' id='word_1_33' title='bbox 1140 424 1158 460; x_wconf 73' lang='grc' dir='ltr'><strong><em>Ρ</em></strong></span> <span class='ocrx_word' id='word_1_34' title='bbox 1188 424 1240 459; x_wconf 85' lang='grc' dir='ltr'><strong>5Ο</strong></span> 
     </span>
     <span class='ocr_line' id='line_1_8' title="bbox 135 476 1236 531; baseline -0.005 -15"><span class='ocrx_word' id='word_1_35' title='bbox 135 478 264 516; x_wconf 76' lang='lat' dir='ltr'>Phaed.</span> <span class='ocrx_word' id='word_1_36' title='bbox 291 478 395 517; x_wconf 85' lang='lat' dir='ltr'><strong>Tam</strong></span> <span class='ocrx_word' id='word_1_37' title='bbox 413 493 436 517; x_wconf 90' lang='lat' dir='ltr'><strong>a</strong></span> <span class='ocrx_word' id='word_1_38' title='bbox 452 491 515 518; x_wconf 91' lang='lat' dir='ltr'><strong>me</strong></span> <span class='ocrx_word' id='word_1_39' title='bbox 533 479 671 531; x_wconf 83' lang='lat' dir='ltr'><strong>pudica</strong></span> <span class='ocrx_word' id='word_1_40' title='bbox 688 479 750 526; x_wconf 81' lang='lat' dir='ltr'>‘st‚</span> <span class='ocrx_word' id='word_1_41' title='bbox 770 491 887 530; x_wconf 87' lang='lat' dir='ltr'><strong>quam</strong></span> <span class='ocrx_word' id='word_1_42' title='bbox 906 477 937 515; x_wconf 83' lang='lat' dir='ltr'><strong>si</strong></span> <span class='ocrx_word' id='word_1_43' title='bbox 962 489 1064 515; x_wconf 87' lang='lat' dir='ltr'><strong>soror</strong></span> <span class='ocrx_word' id='word_1_44' title='bbox 1087 476 1142 513; x_wconf 88' lang='lat' dir='ltr'><strong>mi</strong></span> <span class='ocrx_word' id='word_1_45' title='bbox 1162 476 1236 520; x_wconf 81' lang='lat' dir='ltr'>sit3</span> 
     </span>
     <span class='ocr_line' id='line_1_9' title="bbox 293 532 366 570; baseline 0 0"><span class='ocrx_word' id='word_1_46' title='bbox 293 532 366 570; x_wconf 88' lang='lat' dir='ltr'><strong>nisi</strong></span> 
     </span>
     <span class='ocr_line' id='line_1_10' title="bbox 131 583 940 637; baseline -0.001 -14"><span class='ocrx_word' id='word_1_47' title='bbox 131 583 173 623; x_wconf 91' lang='lat' dir='ltr'><strong>Si</strong></span> <span class='ocrx_word' id='word_1_48' title='bbox 191 592 246 622; x_wconf 87' lang='lat' dir='ltr'><strong>est</strong></span> <span class='ocrx_word' id='word_1_49' title='bbox 264 585 467 624; x_wconf 79' lang='lat' dir='ltr'><strong>osculando</strong></span> <span class='ocrx_word' id='word_1_50' title='bbox 485 585 680 637; x_wconf 81' lang='lat' dir='ltr'>quidpiam</span> <span class='ocrx_word' id='word_1_51' title='bbox 701 584 940 636; x_wconf 85' lang='lat' dir='ltr'><strong>impudicior.</strong></span> 
     </span>
     <span class='ocr_line' id='line_1_11' title="bbox 132 636 1240 689; baseline 0 -15"><span class='ocrx_word' id='word_1_52' title='bbox 132 639 266 675; x_wconf 79' lang='lat' dir='ltr'><strong>Palin.</strong></span> <span class='ocrx_word' id='word_1_53' title='bbox 296 639 468 689; x_wconf 83' lang='lat' dir='ltr'><strong>Semper,</strong></span> <span class='ocrx_word' id='word_1_54' title='bbox 488 648 531 677; x_wconf 92' lang='lat' dir='ltr'><strong>tu</strong></span> <span class='ocrx_word' id='word_1_55' title='bbox 550 639 655 685; x_wconf 86' lang='lat' dir='ltr'>scito,</span> <span class='ocrx_word' id='word_1_56' title='bbox 674 638 830 676; x_wconf 87' lang='lat' dir='ltr'><strong>flamma</strong></span> <span class='ocrx_word' id='word_1_57' title='bbox 847 636 985 674; x_wconf 86' lang='lat' dir='ltr'><strong>fumo’</strong></span> <span class='ocrx_word' id='word_1_58' title='bbox 988 644 1021 674; x_wconf 88' lang='lat' dir='ltr'><strong>st</strong></span> <span class='ocrx_word' id='word_1_59' title='bbox 1038 648 1240 688; x_wconf 81' lang='lat' dir='ltr'><strong>proxuma.</strong></span> 
     </span>
     <span class='ocr_line' id='line_1_12' title="bbox 132 691 1006 743; baseline 0 -15"><span class='ocrx_word' id='word_1_60' title='bbox 132 691 260 729; x_wconf 89' lang='lat' dir='ltr'><strong>Fumo</strong></span> <span class='ocrx_word' id='word_1_61' title='bbox 275 693 446 729; x_wconf 77' lang='lat' dir='ltr'><strong>comburi</strong></span> <span class='ocrx_word' id='word_1_62' title='bbox 465 692 520 730; x_wconf 90' lang='lat' dir='ltr'><strong>nil</strong></span> <span class='ocrx_word' id='word_1_63' title='bbox 537 699 674 743; x_wconf 42' lang='lat' dir='ltr'><strong>ponuat,</strong></span> <span class='ocrx_word' id='word_1_64' title='bbox 695 691 851 729; x_wconf 86' lang='lat' dir='ltr'><strong>flamma</strong></span> <span class='ocrx_word' id='word_1_65' title='bbox 870 698 1006 741; x_wconf 61' lang='lat' dir='ltr'><strong>potoet.</strong></span> 
     </span>
     <span class='ocr_line' id='line_1_13' title="bbox 131 743 1238 794; baseline -0.002 -13"><span class='ocrx_word' id='word_1_66' title='bbox 131 743 213 790; x_wconf 92' lang='lat' dir='ltr'><strong>Qui</strong></span> <span class='ocrx_word' id='word_1_67' title='bbox 230 757 251 782; x_wconf 93' lang='lat' dir='ltr'><strong>e</strong></span> <span class='ocrx_word' id='word_1_68' title='bbox 268 757 364 782; x_wconf 83' lang='lat' dir='ltr'><strong>nuce</strong></span> <span class='ocrx_word' id='word_1_69' title='bbox 381 746 560 783; x_wconf 86' lang='lat' dir='ltr'><strong>nucleum</strong></span> <span class='ocrx_word' id='word_1_70' title='bbox 579 757 656 783; x_wconf 64' lang='lat' dir='ltr'><strong>esse</strong></span> <span class='ocrx_word' id='word_1_71' title='bbox 675 744 766 792; x_wconf 77' lang='lat' dir='ltr'><strong>volt,</strong></span> <span class='ocrx_word' id='word_1_72' title='bbox 785 744 928 794; x_wconf 85' lang='lat' dir='ltr'><strong>frangit</strong></span> <span class='ocrx_word' id='word_1_73' title='bbox 945 756 1095 782; x_wconf 89' lang='lat' dir='ltr'><strong>nucem.</strong></span> <span class='ocrx_word' id='word_1_74' title='bbox 1186 743 1238 780; x_wconf 85' lang='lat'><strong>55</strong></span> 
     </span>
     <span class='ocr_line' id='line_1_14' title="bbox 131 797 930 849; baseline 0 -15"><span class='ocrx_word' id='word_1_75' title='bbox 131 797 214 844; x_wconf 91' lang='lat' dir='ltr'><strong>Qui</strong></span> <span class='ocrx_word' id='word_1_76' title='bbox 233 797 311 835; x_wconf 89' lang='lat' dir='ltr'>volt</span> <span class='ocrx_word' id='word_1_77' title='bbox 328 799 478 845; x_wconf 86' lang='lat' dir='ltr'><strong>cubare,</strong></span> <span class='ocrx_word' id='word_1_78' title='bbox 498 798 631 849; x_wconf 86' lang='lat' dir='ltr'>pandit</span> <span class='ocrx_word' id='word_1_79' title='bbox 649 797 788 836; x_wconf 87' lang='lat' dir='ltr'><strong>saltum</strong></span> <span class='ocrx_word' id='word_1_80' title='bbox 807 797 930 835; x_wconf 80' lang='lat' dir='ltr'><strong>saviis.</strong></span> 
     </span>
     <span class='ocr_line' id='line_1_15' title="bbox 132 849 1237 902; baseline -0.002 -14"><span class='ocrx_word' id='word_1_81' title='bbox 132 850 258 889; x_wconf 76' lang='lat' dir='ltr'><strong><em>Phaed.</em></strong></span> <span class='ocrx_word' id='word_1_82' title='bbox 284 851 344 888; x_wconf 91' lang='lat' dir='ltr'><strong>At</strong></span> <span class='ocrx_word' id='word_1_83' title='bbox 368 850 435 888; x_wconf 86' lang='lat' dir='ltr'><strong>illa</strong></span> <span class='ocrx_word' id='word_1_84' title='bbox 456 851 503 889; x_wconf 88' lang='lat' dir='ltr'><strong>’st</strong></span> <span class='ocrx_word' id='word_1_85' title='bbox 528 850 681 902; x_wconf 83' lang='lat' dir='ltr'><strong>pudica,</strong></span> <span class='ocrx_word' id='word_1_86' title='bbox 709 863 834 902; x_wconf 88' lang='lat' dir='ltr'><strong>neque</strong></span> <span class='ocrx_word' id='word_1_87' title='bbox 861 850 955 888; x_wconf 85' lang='lat' dir='ltr'><strong>dum</strong></span> <span class='ocrx_word' id='word_1_88' title='bbox 978 849 1121 888; x_wconf 86' lang='lat' dir='ltr'><strong>cubitat</strong></span> <span class='ocrx_word' id='word_1_89' title='bbox 1148 860 1237 888; x_wconf 87' lang='lat' dir='ltr'><strong>cum</strong></span> 
     </span>
     <span class='ocr_line' id='line_1_16' title="bbox 288 917 389 942; baseline 0.01 -1"><span class='ocrx_word' id='word_1_90' title='bbox 288 917 389 942; x_wconf 84' lang='lat' dir='ltr'><strong>vms.</strong></span> 
     </span>
     <span class='ocr_line' id='line_1_17' title="bbox 130 956 1124 1008; baseline -0.001 -14"><span class='ocrx_word' id='word_1_91' title='bbox 130 957 266 994; x_wconf 73' lang='lat' dir='ltr'><strong>Palin.</strong></span> <span class='ocrx_word' id='word_1_92' title='bbox 295 957 471 1005; x_wconf 84' lang='lat' dir='ltr'>Credam,</span> <span class='ocrx_word' id='word_1_93' title='bbox 491 957 614 1008; x_wconf 85' lang='lat' dir='ltr'><strong>pudor</strong></span> <span class='ocrx_word' id='word_1_94' title='bbox 631 957 663 995; x_wconf 88' lang='lat' dir='ltr'><strong>si</strong></span> <span class='ocrx_word' id='word_1_95' title='bbox 680 957 875 1008; x_wconf 87' lang='lat' dir='ltr'><strong>quoipiam</strong></span> <span class='ocrx_word' id='word_1_96' title='bbox 894 957 1023 996; x_wconf 89' lang='lat' dir='ltr'><strong>lenoni</strong></span> <span class='ocrx_word' id='word_1_97' title='bbox 1040 956 1124 994; x_wconf 88' lang='lat' dir='ltr'><strong>siet.</strong></span> 
     </span>
     <span class='ocr_line' id='line_1_18' title="bbox 131 1010 1236 1062; baseline 0 -15"><span class='ocrx_word' id='word_1_98' title='bbox 131 1010 260 1048; x_wconf 73' lang='lat' dir='ltr'><em>Phaed.</em></span> <span class='ocrx_word' id='word_1_99' title='bbox 291 1010 434 1057; x_wconf 79' lang='lat' dir='ltr'><strong>Immo,</strong></span> <span class='ocrx_word' id='word_1_100' title='bbox 460 1019 505 1048; x_wconf 92' lang='lat' dir='ltr'><strong>ut</strong></span> <span class='ocrx_word' id='word_1_101' title='bbox 525 1010 633 1049; x_wconf 83' lang='lat' dir='ltr'><strong>illam</strong></span> <span class='ocrx_word' id='word_1_102' title='bbox 655 1010 808 1048; x_wconf 65' lang='lat' dir='ltr'><strong>censoe?</strong></span> <span class='ocrx_word' id='word_1_103' title='bbox 837 1019 881 1048; x_wconf 90' lang='lat' dir='ltr'><strong>ut</strong></span> <span class='ocrx_word' id='word_1_104' title='bbox 905 1023 1067 1062; x_wconf 87' lang='lat' dir='ltr'><strong>quaeque</strong></span> <span class='ocrx_word' id='word_1_105' title='bbox 1091 1010 1149 1047; x_wconf 81' lang='lat' dir='ltr'>illi</span> <span class='ocrx_word' id='word_1_106' title='bbox 1174 1021 1236 1047; x_wconf 88' lang='lat' dir='ltr'><strong>oc-</strong></span> 
     </span>
     <span class='ocr_line' id='line_1_19' title="bbox 290 1064 452 1101; baseline 0.006 -1"><span class='ocrx_word' id='word_1_107' title='bbox 290 1075 389 1101; x_wconf 78' lang='lat' dir='ltr'><strong>casm</strong></span> <span class='ocrx_word' id='word_1_108' title='bbox 404 1064 452 1101; x_wconf 86' lang='lat' dir='ltr'><strong>&#39;st</strong></span> 
     </span>
     <span class='ocr_line' id='line_1_20' title="bbox 129 1114 1237 1167; baseline 0.001 -15"><span class='ocrx_word' id='word_1_109' title='bbox 129 1114 324 1165; x_wconf 85' lang='lat' dir='ltr'><strong>Surripere</strong></span> <span class='ocrx_word' id='word_1_110' title='bbox 342 1128 380 1153; x_wconf 90' lang='lat' dir='ltr'><strong>se</strong></span> <span class='ocrx_word' id='word_1_111' title='bbox 395 1115 444 1153; x_wconf 85' lang='lat' dir='ltr'><strong>ad</strong></span> <span class='ocrx_word' id='word_1_112' title='bbox 461 1128 537 1163; x_wconf 78' lang='lat' dir='ltr'><strong>me,</strong></span> <span class='ocrx_word' id='word_1_113' title='bbox 552 1117 620 1154; x_wconf 92' lang='lat' dir='ltr'><strong>ubi</strong></span> <span class='ocrx_word' id='word_1_114' title='bbox 634 1116 781 1154; x_wconf 84' lang='lat' dir='ltr'><strong>savium</strong></span> <span class='ocrx_word' id='word_1_115' title='bbox 801 1116 968 1167; x_wconf 83' lang='lat' dir='ltr'><strong>oppegit,</strong></span> <span class='ocrx_word' id='word_1_116' title='bbox 988 1116 1101 1166; x_wconf 82' lang='lat' dir='ltr'><strong>fugit.</strong></span> <span class='ocrx_word' id='word_1_117' title='bbox 1186 1115 1237 1153; x_wconf 83' lang='lat'><strong>60</strong></span> 
     </span>
     <span class='ocr_line' id='line_1_21' title="bbox 130 1167 964 1219; baseline 0.002 -14"><span class='ocrx_word' id='word_1_118' title='bbox 130 1167 179 1205; x_wconf 93' lang='lat' dir='ltr'><strong>Id</strong></span> <span class='ocrx_word' id='word_1_119' title='bbox 197 1180 241 1205; x_wconf 88' lang='lat' dir='ltr'><strong>eo</strong></span> <span class='ocrx_word' id='word_1_120' title='bbox 260 1167 318 1215; x_wconf 85' lang='lat' dir='ltr'><strong>fit,</strong></span> <span class='ocrx_word' id='word_1_121' title='bbox 337 1168 427 1219; x_wconf 87' lang='lat' dir='ltr'><strong>quia</strong></span> <span class='ocrx_word' id='word_1_122' title='bbox 445 1168 509 1206; x_wconf 84' lang='lat' dir='ltr'><strong>hic</strong></span> <span class='ocrx_word' id='word_1_123' title='bbox 525 1169 611 1207; x_wconf 91' lang='lat' dir='ltr'><strong>leno</strong></span> <span class='ocrx_word' id='word_1_124' title='bbox 630 1176 791 1219; x_wconf 81' lang='lat' dir='ltr'><strong>aegrotus</strong></span> <span class='ocrx_word' id='word_1_125' title='bbox 809 1169 964 1207; x_wconf 87' lang='lat' dir='ltr'><strong>incubat</strong></span> 
     </span>
     <span class='ocr_line' id='line_1_22' title="bbox 132 1221 901 1273; baseline 0.004 -15"><span class='ocrx_word' id='word_1_126' title='bbox 132 1221 181 1258; x_wconf 89' lang='lat' dir='ltr'><strong>In</strong></span> <span class='ocrx_word' id='word_1_127' title='bbox 200 1221 403 1273; x_wconf 83' lang='lat' dir='ltr'><strong>AEsculapi</strong></span> <span class='ocrx_word' id='word_1_128' title='bbox 423 1221 536 1260; x_wconf 85' lang='lat' dir='ltr'><strong>fano:</strong></span> <span class='ocrx_word' id='word_1_129' title='bbox 566 1223 598 1260; x_wconf 91' lang='lat' dir='ltr'><strong>is</strong></span> <span class='ocrx_word' id='word_1_130' title='bbox 616 1235 679 1260; x_wconf 87' lang='lat' dir='ltr'><strong>me</strong></span> <span class='ocrx_word' id='word_1_131' title='bbox 700 1223 901 1261; x_wconf 79' lang='lat' dir='ltr'><strong>excruciat.</strong></span> 
     </span>
     <span class='ocr_line' id='line_1_23' title="bbox 861 1274 1237 1322; baseline 0 -9"><span class='ocrx_word' id='word_1_132' title='bbox 861 1276 997 1314; x_wconf 72' lang='lat' dir='ltr'><strong>Palin.</strong></span> <span class='ocrx_word' id='word_1_133' title='bbox 1025 1274 1132 1322; x_wconf 90' lang='lat' dir='ltr'>Quid</span> <span class='ocrx_word' id='word_1_134' title='bbox 1151 1281 1229 1313; x_wconf 55' lang='grc' dir='ltr'><strong>δῖ.</strong></span> <span class='ocrx_word' id='word_1_135' title='bbox 1218 1276 1237 1301; x_wconf 76' lang='lat'><strong>⁹</strong></span> 
     </span>
     <span class='ocr_line' id='line_1_24' title="bbox 130 1327 1131 1379; baseline 0 -13"><span class='ocrx_word' id='word_1_136' title='bbox 130 1328 264 1366; x_wconf 75' lang='lat' dir='ltr'><strong><em>Phaed.</em></strong></span> <span class='ocrx_word' id='word_1_137' title='bbox 290 1327 403 1366; x_wconf 76' lang='lat' dir='ltr'><strong>Alias</strong></span> <span class='ocrx_word' id='word_1_138' title='bbox 421 1340 484 1366; x_wconf 91' lang='lat' dir='ltr'><strong>me</strong></span> <span class='ocrx_word' id='word_1_139' title='bbox 507 1328 627 1379; x_wconf 84' lang='lat' dir='ltr'>poscit</span> <span class='ocrx_word' id='word_1_140' title='bbox 647 1340 717 1379; x_wconf 90' lang='lat' dir='ltr'><strong>pro</strong></span> <span class='ocrx_word' id='word_1_141' title='bbox 733 1327 802 1366; x_wconf 79' lang='lat' dir='ltr'><strong>ffla</strong></span> <span class='ocrx_word' id='word_1_142' title='bbox 819 1328 976 1379; x_wconf 78' lang='lat' dir='ltr'><strong>triginta</strong></span> <span class='ocrx_word' id='word_1_143' title='bbox 993 1329 1131 1375; x_wconf 83' lang='lat' dir='ltr'><strong>minas,</strong></span> 
     </span>
     <span class='ocr_line' id='line_1_25' title="bbox 129 1381 1176 1434; baseline 0.001 -15"><span class='ocrx_word' id='word_1_144' title='bbox 129 1381 243 1419; x_wconf 84' lang='lat' dir='ltr'><strong>Alias</strong></span> <span class='ocrx_word' id='word_1_145' title='bbox 260 1381 448 1419; x_wconf 81' lang='lat' dir='ltr'><strong>talentum</strong></span> <span class='ocrx_word' id='word_1_146' title='bbox 465 1394 677 1433; x_wconf 86' lang='lat' dir='ltr'><strong>magnum;</strong></span> <span class='ocrx_word' id='word_1_147' title='bbox 706 1394 831 1433; x_wconf 84' lang='lat' dir='ltr'><strong>neque</strong></span> <span class='ocrx_word' id='word_1_148' title='bbox 849 1381 1060 1434; x_wconf 81' lang='lat' dir='ltr'><strong>quidquam</strong></span> <span class='ocrx_word' id='word_1_149' title='bbox 1078 1393 1176 1433; x_wconf 83' lang='lat' dir='ltr'><strong>queo</strong></span> 
     </span>
     <span class='ocr_line' id='line_1_26' title="bbox 131 1434 793 1486; baseline 0.003 -14"><span class='ocrx_word' id='word_1_150' title='bbox 131 1434 254 1486; x_wconf 85' lang='lat' dir='ltr'><strong>AEqui</strong></span> <span class='ocrx_word' id='word_1_151' title='bbox 270 1434 436 1486; x_wconf 91' lang='lat' dir='ltr'><strong>bonique</strong></span> <span class='ocrx_word' id='word_1_152' title='bbox 453 1436 503 1473; x_wconf 93' lang='lat' dir='ltr'><strong>ab</strong></span> <span class='ocrx_word' id='word_1_153' title='bbox 521 1448 565 1474; x_wconf 88' lang='lat' dir='ltr'><strong>eo</strong></span> <span class='ocrx_word' id='word_1_154' title='bbox 581 1435 793 1486; x_wconf 86' lang='lat' dir='ltr'><strong>impetrare.</strong></span> 
     </span>
     <span class='ocr_line' id='line_1_27' title="bbox 791 1486 1238 1538; baseline -0.007 -11"><span class='ocrx_word' id='word_1_155' title='bbox 791 1490 928 1527; x_wconf 81' lang='lat' dir='ltr'><strong>Palin.</strong></span> <span class='ocrx_word' id='word_1_156' title='bbox 956 1486 1157 1538; x_wconf 85' lang='lat' dir='ltr'><strong>Injuriu&#39;s,</strong></span> <span class='ocrx_word' id='word_1_157' title='bbox 1187 1487 1238 1525; x_wconf 83' lang='lat'><strong>65</strong></span> 
     </span>
     <span class='ocr_line' id='line_1_28' title="bbox 128 1540 1014 1592; baseline 0.001 -13"><span class='ocrx_word' id='word_1_158' title='bbox 128 1540 225 1588; x_wconf 77' lang='lat' dir='ltr'><strong>Qui,</strong></span> <span class='ocrx_word' id='word_1_159' title='bbox 244 1540 348 1592; x_wconf 91' lang='lat' dir='ltr'><strong>quod</strong></span> <span class='ocrx_word' id='word_1_160' title='bbox 365 1541 494 1580; x_wconf 91' lang='lat' dir='ltr'><strong>lenoni</strong></span> <span class='ocrx_word' id='word_1_161' title='bbox 511 1541 632 1579; x_wconf 81' lang='lat' dir='ltr'><strong>nulli’</strong></span> <span class='ocrx_word' id='word_1_162' title='bbox 635 1549 683 1589; x_wconf 77' lang='lat' dir='ltr'><strong>st,</strong></span> <span class='ocrx_word' id='word_1_163' title='bbox 704 1541 745 1579; x_wconf 89' lang='lat' dir='ltr'><strong>id</strong></span> <span class='ocrx_word' id='word_1_164' title='bbox 762 1543 810 1580; x_wconf 91' lang='lat' dir='ltr'><strong>ab</strong></span> <span class='ocrx_word' id='word_1_165' title='bbox 834 1555 878 1580; x_wconf 87' lang='lat' dir='ltr'><strong>eo</strong></span> <span class='ocrx_word' id='word_1_166' title='bbox 895 1550 1014 1592; x_wconf 77' lang='lat' dir='ltr'><strong>petas·</strong></span> 
     </span>
     <span class='ocr_line' id='line_1_29' title="bbox 129 1594 1237 1646; baseline 0 -14"><span class='ocrx_word' id='word_1_167' title='bbox 129 1595 263 1633; x_wconf 71' lang='lat' dir='ltr'><em>Phaed.</em></span> <span class='ocrx_word' id='word_1_168' title='bbox 283 1595 401 1632; x_wconf 88' lang='lat' dir='ltr'><strong>Nunc</strong></span> <span class='ocrx_word' id='word_1_169' title='bbox 418 1594 507 1633; x_wconf 89' lang='lat' dir='ltr'><strong>hinc</strong></span> <span class='ocrx_word' id='word_1_170' title='bbox 524 1594 734 1646; x_wconf 86' lang='lat' dir='ltr'><strong>parasitum</strong></span> <span class='ocrx_word' id='word_1_171' title='bbox 753 1595 794 1632; x_wconf 91' lang='lat' dir='ltr'><strong>in</strong></span> <span class='ocrx_word' id='word_1_172' title='bbox 813 1596 967 1635; x_wconf 87' lang='lat' dir='ltr'><strong>Cariam</strong></span> <span class='ocrx_word' id='word_1_173' title='bbox 984 1594 1073 1633; x_wconf 85' lang='lat' dir='ltr'><strong>misi</strong></span> <span class='ocrx_word' id='word_1_174' title='bbox 1091 1606 1237 1643; x_wconf 85' lang='lat' dir='ltr'><strong>meum,</strong></span> 
     </span>
     <span class='ocr_line' id='line_1_30' title="bbox 129 1647 1024 1698; baseline 0.002 -13"><span class='ocrx_word' id='word_1_175' title='bbox 129 1647 300 1685; x_wconf 87' lang='lat' dir='ltr'><strong>Petitum</strong></span> <span class='ocrx_word' id='word_1_176' title='bbox 318 1656 520 1698; x_wconf 86' lang='lat' dir='ltr'><strong>argentum</strong></span> <span class='ocrx_word' id='word_1_177' title='bbox 538 1661 560 1686; x_wconf 85' lang='lat' dir='ltr'><strong>a</strong></span> <span class='ocrx_word' id='word_1_178' title='bbox 577 1660 664 1686; x_wconf 88' lang='lat' dir='ltr'><strong>meo</strong></span> <span class='ocrx_word' id='word_1_179' title='bbox 681 1648 801 1687; x_wconf 89' lang='lat' dir='ltr'>sodali</span> <span class='ocrx_word' id='word_1_180' title='bbox 817 1656 999 1687; x_wconf 87' lang='lat' dir='ltr'><strong>mutuum</strong></span> <span class='ocrx_word' id='word_1_181' title='bbox 1012 1662 1024 1686; x_wconf 78' lang='grc' dir='ltr'><strong><em>ε</em></strong></span> 
     </span>
     <span class='ocr_line' id='line_1_31' title="bbox 127 1700 1044 1752; baseline 0.002 -14"><span class='ocrx_word' id='word_1_182' title='bbox 127 1700 247 1748; x_wconf 88' lang='lat' dir='ltr'><strong>Quod</strong></span> <span class='ocrx_word' id='word_1_183' title='bbox 264 1701 296 1738; x_wconf 86' lang='lat' dir='ltr'><strong>si</strong></span> <span class='ocrx_word' id='word_1_184' title='bbox 313 1712 389 1738; x_wconf 87' lang='lat' dir='ltr'><strong>non</strong></span> <span class='ocrx_word' id='word_1_185' title='bbox 408 1700 529 1749; x_wconf 82' lang='lat' dir='ltr'><strong>affert,</strong></span> <span class='ocrx_word' id='word_1_186' title='bbox 548 1714 625 1752; x_wconf 94' lang='lat' dir='ltr'><strong>quo</strong></span> <span class='ocrx_word' id='word_1_187' title='bbox 642 1714 706 1740; x_wconf 87' lang='lat' dir='ltr'><strong>me</strong></span> <span class='ocrx_word' id='word_1_188' title='bbox 723 1711 885 1750; x_wconf 83' lang='lat' dir='ltr'><strong>vortam,</strong></span> <span class='ocrx_word' id='word_1_189' title='bbox 905 1702 1044 1740; x_wconf 86' lang='lat' dir='ltr'><strong>nescio.</strong></span> 
     </span>
     <span class='ocr_line' id='line_1_32' title="bbox 131 1753 1239 1801; baseline 0.003 -10"><span class='ocrx_word' id='word_1_190' title='bbox 131 1755 265 1791; x_wconf 74' lang='lat' dir='ltr'><strong>Palm.</strong></span> <span class='ocrx_word' id='word_1_191' title='bbox 293 1754 335 1792; x_wconf 88' lang='lat' dir='ltr'><strong>Si</strong></span> <span class='ocrx_word' id='word_1_192' title='bbox 353 1753 456 1792; x_wconf 84' lang='lat' dir='ltr'><strong>Deos</strong></span> <span class='ocrx_word' id='word_1_193' title='bbox 474 1755 628 1801; x_wconf 79' lang='lat' dir='ltr'><strong>salutas,</strong></span> <span class='ocrx_word' id='word_1_194' title='bbox 648 1754 936 1794; x_wconf 77' lang='lat' dir='ltr'><strong>dextrovorsum</strong></span> <span class='ocrx_word' id='word_1_195' title='bbox 954 1768 1097 1794; x_wconf 74' lang='lat' dir='ltr'><strong>censeo.</strong></span> <span class='ocrx_word' id='word_1_196' title='bbox 1187 1756 1239 1800; x_wconf 88' lang='grc'><strong>70</strong></span> 
     </span>
     <span class='ocr_line' id='line_1_33' title="bbox 130 1807 1241 1848; baseline 0.003 -3"><span class='ocrx_word' id='word_1_197' title='bbox 130 1808 264 1845; x_wconf 77' lang='lat' dir='ltr'><em>Phaed.</em></span> <span class='ocrx_word' id='word_1_198' title='bbox 285 1807 403 1845; x_wconf 90' lang='lat' dir='ltr'><strong>Nunc</strong></span> <span class='ocrx_word' id='word_1_199' title='bbox 421 1821 486 1846; x_wconf 86' lang='lat' dir='ltr'><strong>ara</strong></span> <span class='ocrx_word' id='word_1_200' title='bbox 502 1808 662 1846; x_wconf 83' lang='lat' dir='ltr'><strong>Veneris</strong></span> <span class='ocrx_word' id='word_1_201' title='bbox 676 1808 757 1846; x_wconf 87' lang='lat' dir='ltr'><strong>haec</strong></span> <span class='ocrx_word' id='word_1_202' title='bbox 776 1816 831 1846; x_wconf 56' lang='lat' dir='ltr'><strong>est</strong></span> <span class='ocrx_word' id='word_1_203' title='bbox 848 1816 936 1846; x_wconf 86' lang='lat' dir='ltr'><strong>ante</strong></span> <span class='ocrx_word' id='word_1_204' title='bbox 953 1808 1098 1847; x_wconf 87' lang='lat' dir='ltr'><strong>horunc</strong></span> <span class='ocrx_word' id='word_1_205' title='bbox 1114 1808 1241 1848; x_wconf 85' lang='lat' dir='ltr'><strong>foreis.</strong></span> 
     </span>
     <span class='ocr_line' id='line_1_34' title="bbox 129 1859 977 1910; baseline 0.001 -14"><span class='ocrx_word' id='word_1_206' title='bbox 129 1859 201 1897; x_wconf 88' lang='lat' dir='ltr'><strong>Me</strong></span> <span class='ocrx_word' id='word_1_207' title='bbox 219 1859 355 1898; x_wconf 80' lang='lat' dir='ltr'><strong>inferre</strong></span> <span class='ocrx_word' id='word_1_208' title='bbox 374 1860 516 1899; x_wconf 85' lang='lat' dir='ltr'><strong>Veneri</strong></span> <span class='ocrx_word' id='word_1_209' title='bbox 534 1861 618 1899; x_wconf 76' lang='lat' dir='ltr'>vovi</span> <span class='ocrx_word' id='word_1_210' title='bbox 634 1862 713 1910; x_wconf 89' lang='lat' dir='ltr'><strong>jam</strong></span> <span class='ocrx_word' id='word_1_211' title='bbox 726 1862 977 1910; x_wconf 72' lang='lat' dir='ltr'><strong>jentaculum.</strong></span> 
     </span>
     <span class='ocr_line' id='line_1_35' title="bbox 131 1912 1097 1964; baseline 0.003 -14"><span class='ocrx_word' id='word_1_212' title='bbox 131 1913 266 1950; x_wconf 76' lang='lat' dir='ltr'><strong>Palin.</strong></span> <span class='ocrx_word' id='word_1_213' title='bbox 295 1912 403 1960; x_wconf 89' lang='lat' dir='ltr'><strong>Quid</strong></span> <span class='ocrx_word' id='word_1_214' title='bbox 416 1915 434 1951; x_wconf 70' lang='grc' dir='ltr'>Ρ</span> <span class='ocrx_word' id='word_1_215' title='bbox 462 1927 512 1952; x_wconf 85' lang='lat' dir='ltr'><strong>an</strong></span> <span class='ocrx_word' id='word_1_216' title='bbox 530 1922 567 1952; x_wconf 87' lang='lat' dir='ltr'><strong>te</strong></span> <span class='ocrx_word' id='word_1_217' title='bbox 584 1926 700 1964; x_wconf 64' lang='lat' dir='ltr'><strong>ponae</strong></span> <span class='ocrx_word' id='word_1_218' title='bbox 720 1914 861 1952; x_wconf 89' lang='lat' dir='ltr'><strong>Veneri</strong></span> <span class='ocrx_word' id='word_1_219' title='bbox 875 1914 1066 1963; x_wconf 87' lang='lat' dir='ltr'><strong>jentaculo</strong></span> <span class='ocrx_word' id='word_1_220' title='bbox 1079 1917 1097 1953; x_wconf 71' lang='grc' dir='ltr'><strong><em>ἓ</em></strong></span> 
     </span>
     <span class='ocr_line' id='line_1_36' title="bbox 130 1966 897 2018; baseline 0.004 -16"><span class='ocrx_word' id='word_1_221' title='bbox 130 1966 272 2003; x_wconf 80' lang='lat' dir='ltr'><strong><em>Phaed.</em></strong></span> <span class='ocrx_word' id='word_1_222' title='bbox 301 1966 385 2013; x_wconf 82' lang='lat' dir='ltr'><strong>Me,</strong></span> <span class='ocrx_word' id='word_1_223' title='bbox 406 1974 456 2013; x_wconf 85' lang='lat' dir='ltr'><strong>te,</strong></span> <span class='ocrx_word' id='word_1_224' title='bbox 477 1976 591 2018; x_wconf 83' lang='lat' dir='ltr'><strong>atque</strong></span> <span class='ocrx_word' id='word_1_225' title='bbox 608 1968 720 2005; x_wconf 87' lang='lat' dir='ltr'><strong>hosce</strong></span> <span class='ocrx_word' id='word_1_226' title='bbox 738 1968 897 2005; x_wconf 88' lang='lat' dir='ltr'><strong>omneis.</strong></span> 
     </span>
     <span class='ocr_line' id='line_1_37' title="bbox 428 2020 1240 2061; baseline 0.005 -4"><span class='ocrx_word' id='word_1_227' title='bbox 428 2021 561 2058; x_wconf 71' lang='lat' dir='ltr'><strong>Palm.</strong></span> <span class='ocrx_word' id='word_1_228' title='bbox 589 2020 695 2058; x_wconf 86' lang='lat' dir='ltr'><strong>Tum</strong></span> <span class='ocrx_word' id='word_1_229' title='bbox 715 2030 757 2058; x_wconf 88' lang='lat' dir='ltr'><strong>tu</strong></span> <span class='ocrx_word' id='word_1_230' title='bbox 777 2021 968 2059; x_wconf 86' lang='lat' dir='ltr'><strong>Venerem</strong></span> <span class='ocrx_word' id='word_1_231' title='bbox 987 2034 1136 2061; x_wconf 80' lang='lat' dir='ltr'><strong>vomere</strong></span> <span class='ocrx_word' id='word_1_232' title='bbox 1154 2021 1240 2060; x_wconf 78' lang='lat' dir='ltr'><strong>vis?</strong></span> 
     </span>
     <span class='ocr_line' id='line_1_38' title="bbox 133 2072 731 2124; baseline -0.003 -14"><span class='ocrx_word' id='word_1_233' title='bbox 133 2074 272 2111; x_wconf 75' lang='lat' dir='ltr'>Phaed.</span> <span class='ocrx_word' id='word_1_234' title='bbox 302 2072 420 2121; x_wconf 80' lang='lat' dir='ltr'>Cedo,</span> <span class='ocrx_word' id='word_1_235' title='bbox 440 2086 570 2124; x_wconf 80' lang='lat' dir='ltr'><strong>puere,</strong></span> <span class='ocrx_word' id='word_1_236' title='bbox 592 2073 731 2112; x_wconf 82' lang='lat' dir='ltr'><strong>sinum.</strong></span> 
     </span>
     <span class='ocr_line' id='line_1_39' title="bbox 512 2126 1014 2174; baseline 0 -10"><span class='ocrx_word' id='word_1_237' title='bbox 512 2127 643 2164; x_wconf 71' lang='lat' dir='ltr'><strong>Pana.</strong></span> <span class='ocrx_word' id='word_1_238' title='bbox 672 2127 781 2174; x_wconf 81' lang='lat' dir='ltr'><strong>Quid</strong></span> <span class='ocrx_word' id='word_1_239' title='bbox 799 2126 982 2166; x_wconf 82' lang='lat' dir='ltr'><strong>facturu&#39;s</strong></span> <span class='ocrx_word' id='word_1_240' title='bbox 997 2130 1014 2164; x_wconf 88' lang='lat'>?</span> 
     </span>
     <span class='ocr_line' id='line_1_40' title="bbox 1021 2181 1091 2218; baseline -0.014 0"><span class='ocrx_word' id='word_1_241' title='bbox 1021 2193 1046 2218; x_wconf 79' lang='lat' dir='ltr'>B</span> <span class='ocrx_word' id='word_1_242' title='bbox 1067 2181 1091 2217; x_wconf 93' lang='grc'><strong>3</strong></span> 
     </span>
    </p>
   </div>
  </div>
 </body>
</html>
