1435 2400
240 77 319 114 214
445 76 623 116 MILES
653 76 986 117 GLORIOSUS.
1013 77 1075 116 11.
1101 78 1140 115 6.

239 182 431 233 Quodque
448 184 698 222 concubinam
714 183 873 221 herilem
891 183 1111 221 insimulare
1128 195 1241 222 ausus
1259 194 1300 221 es

240 236 388 283 Probri,
408 236 601 287 pudicam,
620 250 758 287 meque
776 236 917 274 summi
935 236 1081 287 flagiti3

238 288 346 326 Tum
361 289 464 340 quod
478 290 682 328 tractavisti
692 290 880 341 hospitam
900 298 987 327 ante
1005 290 1115 328 aedeis
1132 302 1235 328 meas
1248 302 1262 335 ς
1290 288 1344 326 30

238 341 326 379 Nisi
339 345 395 381 mi
414 343 644 393 supplicium
663 343 882 381 stimuleum
902 343 949 381 de
966 350 1003 380 te
1021 343 1146 391 datur,

237 394 440 434 Dedecoris
459 396 664 447 pleniorem
681 397 815 434 herum
833 396 967 434 faciam
988 403 1114 443 tuum,

238 447 384 495 Quam,
403 461 543 500 magno
562 456 688 497 vento,
707 450 865 500 plenum
878 449 926 486 'st
943 449 1136 487 undarum
1153 460 1272 486 mare.

238 503 333 539 Scel.
363 502 424 539 Ita
442 515 527 540 sum
546 509 709 547 coactus,
731 502 1066 553 Periplectomene,
1085 509 1130 539 ut
1147 501 1326 547 nesciam,

235 555 427 593 Utrumne
445 556 633 606 postulare
652 556 756 606 prius
775 564 899 594 tecum
919 568 1072 607 aequum
1092 555 1174 603 siet,
1290 554 1345 591 35

235 608 304 645 An
318 621 380 646 me
398 621 609 659 expurgare
626 609 691 646 hic
709 609 778 647 tibi
796 609 966 646 videatur
984 608 1156 660 aequius;

237 661 327 699 Nisi
345 661 445 699 istaec
462 674 539 700 non
558 669 613 700 est
630 662 724 709 haec,
745 674 868 713 neque
886 662 956 700 ista
975 662 1023 700 sit
1040 662 1137 700 mihi
1153 677 1165 699 z

238 713 344 752 Sicut
362 715 476 752 etiam
493 727 595 752 nunc
613 715 738 753 nescio
757 715 850 765 quid
868 715 1024 754 viderim
1039 728 1050 752 τ

236 767 299 805 Ita
317 776 372 805 est
389 768 491 806 istaec
507 768 622 817 hujus
641 768 772 806 similis
791 776 928 806 nostrae
946 775 1026 816 tua,

237 820 434 871 Siquidem
453 833 529 859 non
549 821 679 858 eadem
699 822 759 859 ’st.

477 875 615 923 Perip.
647 874 739 913 Vise
757 874 806 913 ad
824 887 886 912 me
902 874 1000 912 intro
1011 888 1024 921 ;
1048 875 1130 923 jam
1149 872 1253 912 scies.
1283 873 1337 911 40

237 928 334 965 Scel.
368 925 522 964 Licetne
539 929 557 964 Ρ

433 981 569 1029 Per-ip.
600 979 706 1026 Quin
726 986 763 1017 te
778 980 905 1028 jubeo.
943 980 1002 1017 At
1019 979 1166 1030 placide
1183 978 1340 1018 noscita.

237 1035 335 1072 Scel.
365 1032 428 1070 Ita
445 1033 564 1070 facere
582 1041 725 1070 certum
738 1032 796 1069 'st.

576 1087 711 1134 Pet-ip.
743 1085 866 1132 Heus,
888 1085 1212 1123 Philocomasium
1227 1085 1238 1123 ἰ
1268 1085 1344 1124 cito

240 1140 472 1177 Transcurre
492 1139 676 1176 curriculo
695 1138 743 1175 ad
762 1151 855 1183 nos3
886 1139 939 1176 ita
957 1139 1152 1189 negotium
1165 1137 1225 1177 'st.

236 1193 343 1239 Post,
365 1191 517 1242 quando
536 1192 667 1230 exierit
685 1191 881 1230 Sceledrus
899 1206 922 1230 a
939 1193 1062 1239 nobis,
1082 1192 1156 1230 cito

234 1245 499 1283 Transcurrito
518 1245 567 1283 ad
586 1258 651 1283 vos
670 1257 821 1283 rursum
841 1245 1026 1283 curriculo
1044 1245 1216 1283 domum„
1285 1245 1338 1283 45

232 1299 274 1336 N
278 1311 351 1336 unc
372 1298 480 1348 (pol)
499 1311 569 1348 ego
587 1306 730 1345 metuo,
751 1311 798 1336 ne
818 1299 911 1350 quid
928 1299 1180 1337 infuscaverit.

234 1351 277 1390 Si
295 1353 358 1389 hic
377 1364 453 1388 non
472 1352 613 1389 videbit
633 1351 843 1400 mulierem,
871 1352 1038 1401 aperitur
1056 1352 1179 1389 dolus.

239 1407 336 1443 Scel.
367 1405 457 1453 Pro,
479 1404 547 1442 Dii
565 1405 822 1443 immortales!
854 1405 1075 1443 similiorem
1093 1405 1306 1452 mulierem,

234 1458 440 1509 Magisque
462 1457 648 1506 eamdem,
669 1465 800 1509 utpote
818 1471 904 1509 quae
927 1470 1004 1496 non
1029 1459 1078 1496 sit
1099 1457 1245 1507 eadem,
1264 1469 1342 1495 non

394 1524 476 1548 reor

234 1564 340 1603 Deos
357 1564 478 1601 facere
494 1576 614 1614 posse.

472 1619 609 1669 Perip.
640 1618 748 1666 Quid
767 1617 897 1656 nunc?

733 1673 830 1710 Scel.
861 1670 1082 1709 Commerui
1098 1670 1259 1708 malum.
1287 1671 1341 1708 50

233 1725 371 1774 Perip.
398 1723 506 1771 Quid
525 1724 666 1776 igitur:
696 1724 777 1763 ean'
798 1726 882 1762 est?

744 1779 841 1816 Scel.
874 1777 958 1816 Etsi
977 1790 1022 1815 ea
1032 1778 1095 1826 'st‚
1114 1789 1191 1815 non
1210 1783 1265 1815 est
1282 1789 1340 1814 ea.

231 1832 370 1880 Perip.
398 1830 578 1869 Vidistin’
597 1830 735 1869 istam?

662 1886 758 1922 Scel.
786 1883 881 1922 Vidi
899 1891 936 1922 et
953 1883 1077 1932 illam,
1096 1890 1133 1922 et
1149 1882 1338 1935 hospitem

231 1936 485 1989 Complexam
503 1945 618 1989 atque
637 1939 881 1976 osculantem.

778 1992 919 2041 Perip.
947 1990 1049 2029 Ean'
1068 1990 1151 2028 est?

1058 2044 1159 2083 Scel.
1186 2041 1340 2081 Nescio.

231 2097 368 2148 Perip.
399 2097 506 2137 Vi‘n’
526 2097 619 2135 scire
636 2098 750 2149 plane
761 2097 779 2133 ’ἓ

536 2152 635 2191 Scel.
662 2151 799 2202 Cupio.
