1435 2400
166 48 191 84 6
502 45 802 86 CURCULIO.
833 47 866 85 1.
901 47 936 84 l.

814 153 947 190 Phaed.
979 152 1007 191 J
1010 164 1072 190 am
1091 152 1194 191 scies.
1221 152 1274 195 75

176 206 291 244 Anus
309 205 373 243 hic
391 205 483 243 solet
501 205 669 244 cubitare
686 212 824 251 custos,
842 205 1013 253 janitrix,

178 260 194 309 (
210 259 362 296 Nomen
381 258 414 296 ei
432 266 486 296 est
506 258 640 304 Lenae)
662 257 877 305 multibiba,
896 265 1010 308 atque
1027 258 1234 296 merobiba.

178 313 312 349 Palin.
341 310 463 357 Quasi
480 318 523 348 tu
536 310 712 361 lagenam
730 309 845 358 dicas,
867 310 931 348 ubi
949 310 1081 348 vinum
1100 311 1195 349 solet

179 363 321 403 Chium
340 375 429 401 esse.

322 417 461 454 le’d.
490 415 596 463 Quid
615 416 740 467 opu'st
758 416 910 455 verbis?
939 416 1187 455 vinosissuma
1202 414 1276 453 'stz

177 469 327 520 anue,
348 470 552 520 extemplo,
573 469 640 507 ubi
658 469 745 507 vino
761 468 830 506 has
848 470 1036 520 conspersi
1052 469 1176 516 foreis,
1228 469 1280 506 80

178 521 241 559 De
260 521 372 559 odore
390 522 517 560 adesse
535 534 597 559 me
614 522 710 566 scit3
740 522 858 572 aperit
875 522 987 560 illico.

180 576 313 612 Palin.
345 575 445 613 Eine
462 575 524 613 hic
541 587 628 613 cum
648 574 736 613 vino
754 574 856 612 sinus
874 574 992 612 fertur
1005 576 1024 612 ?

892 629 1026 665 Pltoed.
1056 626 1145 664 Nisi
1163 627 1281 664 nevis.

181 681 316 719 Palin.
345 681 462 727 Nolo,
481 679 627 719 hercle:
646 691 736 717 nam
754 679 888 724 istunc,
909 680 976 731 qui
993 679 1079 728 fert,
1099 678 1283 717 afflictum

339 733 451 771 velim
465 747 477 770 ε

180 785 268 837 Ego
286 786 393 824 nobis
411 785 534 825 afferri
552 786 691 824 censui.

710 838 843 877 Phaed.
875 837 983 885 Quin
1001 846 1044 876 tu
1063 844 1161 877 taces
1173 838 1191 875 ’ἓ

181 892 224 930 Si
242 892 335 941 quid
354 904 466 942 super
484 891 541 928 illi
558 891 684 937 fuerit,
704 891 743 928 id
762 891 869 930 nobis
887 898 945 928 sat
964 899 1030 929 est.
1233 893 1285 929 85

183 946 316 982 Palin.
345 944 534 991 Quisnam
560 944 642 982 istic
665 943 846 991 fluviu’st,
883 955 997 995 quem
1029 956 1104 982 non
1133 944 1288 995 recipiat

342 1009 445 1034 mare
460 999 478 1035 ,9

185 1050 324 1088 Phaed.
353 1051 516 1100 Sequere
542 1049 626 1097 hac,
647 1048 841 1097 Palinure,
860 1060 923 1087 me
950 1048 999 1087 ad
1022 1049 1155 1088 foreis:
1186 1050 1213 1087 fi
1230 1051 1287 1088 mi

339 1104 558 1152 obsequens.

184 1156 318 1194 Palin.
347 1156 410 1193 Ita
426 1155 574 1193 faciam.

549 1207 681 1246 Phaed.
707 1207 839 1258 Agite,
858 1207 986 1253 bibite,
1006 1208 1147 1247 sestivae
1164 1208 1285 1256 fores;

183 1261 343 1306 Potate3
373 1260 438 1298 fite
455 1260 551 1298 mihi
569 1260 733 1299 volentes
750 1261 933 1311 propitiae.

184 1315 320 1353 Palin.
348 1313 522 1352 Voltisne
539 1312 669 1361 olivas,
689 1320 756 1350 aut
779 1313 1036 1363 pulmentum,
1060 1321 1127 1352 aut
1150 1328 1288 1366 cappa-

342 1366 414 1404 rim
432 1368 450 1403 ?
1231 1370 1283 1406 90

185 1420 320 1458 Phaed.
349 1417 589 1457 Exsuscitate
606 1424 770 1456 vostram
786 1418 863 1457 huc
880 1419 1072 1457 custodem
1090 1419 1198 1457 mihi.

185 1474 321 1511 Palin.
349 1471 553 1509 Profundis
571 1471 730 1517 vinum3
759 1484 844 1522 quae
861 1479 898 1510 te
914 1485 973 1510 res
991 1472 1135 1523 agitant
1148 1475 1166 1511 ?

1022 1527 1154 1564 Plzaed.
1181 1525 1283 1565 Sine·

185 1577 342 1616 Vide'n’
362 1584 406 1615 ut
423 1577 642 1628 aperiuntur
655 1576 751 1615 aedes
768 1577 1028 1617 festivissumae
1044 1581 1062 1616 ,9

186 1632 298 1670 Num
314 1630 446 1669 muttit
463 1630 573 1669 cardo
589 1633 606 1669 ,9
636 1637 690 1668 est
703 1631 864 1682 lepidus.

736 1685 871 1721 Palin.
902 1684 1009 1731 Quin
1027 1684 1093 1722 das
1110 1685 1254 1723 savium
1269 1685 1288 1722 Ρ

190 1736 323 1775 Pkaed.
354 1736 479 1775 Tace:
509 1737 739 1776 occultemus
755 1737 885 1776 lumen
904 1746 941 1775 et
958 1749 1100 1775 vocem.

924 1792 1058 1828 Palm.
1085 1790 1206 1830 Licet.
1235 1793 1286 1830 95
