1435 2400
221 92 272 136 74
555 93 834 133 EPIDICUS.
860 92 911 132 V.
943 93 978 131 I.

226 197 310 234 Vir.
343 194 443 238 Quis
459 203 503 235 tu
520 197 634 236 homo
652 210 704 245 es,
725 197 792 248 qui
817 198 946 234 meam
963 198 1161 247 parentum
1179 208 1317 235 nomen

377 261 577 295 memoras,
598 258 634 288 et
651 263 780 288 meum
795 252 813 289 ?
1265 250 1314 287 31

221 303 339 352 Epid.
366 302 457 340 Non
477 315 538 341 me
554 303 720 341 novisti?

409 358 492 395 Vir.
523 356 637 400 Quod
656 356 811 407 quidem
830 367 932 395 nunc
949 356 1072 394 veniat
1089 356 1129 393 in
1148 361 1315 393 mentem

507 409 613 447 mihi.

219 462 336 511 Epid.
365 462 454 499 Non
479 463 685 500 meministi
711 475 773 499 me
794 475 946 500 auream
970 462 1018 500 ad
1044 469 1079 500 te
1101 461 1231 499 afferre
1249 473 1317 499 na-

378 515 445 552 tali
463 514 523 553 die

219 566 428 615 Lunu1am,
448 575 561 619 atque
579 569 773 607 annellum
791 569 987 608 aureolum
1012 569 1051 605 in
1070 568 1233 618 digitum
1247 566 1266 603 't'

807 625 891 660 Vir.
920 620 1100 668 Memini,
1119 621 1175 657 mi
1192 620 1321 658 homo.

223 673 326 711 Tun'
344 673 376 710 is
395 685 432 711 es
446 675 464 711 ?

468 729 586 777 Epid.
615 728 701 778 Ego
720 741 830 773 sum;
861 735 898 766 et
915 727 996 766 istic
1014 727 1126 766 frater
1144 735 1233 764 tuus
1252 732 1319 773 est,

570 781 645 818 alia
663 789 796 828 matre,
816 793 893 818 uno
911 788 1026 831 patre.
1267 779 1319 816 35

228 834 311 870 Vir.
342 832 460 878 Quid,
480 840 586 884 pater
605 847 711 871 meus
729 836 745 871 Ρ
775 833 911 871 vivu'st
923 833 942 869 ’ἓ

378 887 499 935 Epid.
526 887 674 924 Animo
690 886 836 937 liquido
857 895 893 924 et
911 886 1116 937 tranquillo
1135 899 1196 923 es:
1229 892 1320 923 tace.

227 940 308 976 Vir.
338 937 407 975 Dii
432 952 495 977 me
522 952 569 977 ex
596 940 742 990 perdita
770 947 953 977 servatam
981 939 1150 990 cupiunt,
1180 939 1210 976 si
1235 952 1322 977 vera

379 999 570 1029 autumas.

219 1045 338 1094 Epid.
367 1045 456 1082 Non
474 1045 594 1082 habeo
613 1043 731 1082 ullam
750 1045 995 1093 occasionem,
1015 1051 1059 1082 ut
1075 1044 1178 1095 apud
1197 1052 1234 1083 te
1250 1045 1322 1083 fal-

380 1109 421 1134 sa
438 1097 597 1134 fabuler.

222 1152 345 1188 Strat.
363 1149 506 1200 Accipe
525 1156 721 1200 argentum
736 1150 820 1199 hoc,
840 1150 997 1191 danista.
1026 1150 1106 1189 Hic
1124 1157 1212 1189 sunt
1230 1164 1325 1202 qua-

379 1202 552 1253 draginta
568 1203 694 1240 minae.

223 1255 264 1293 Si
283 1255 376 1306 quid
394 1256 463 1293 erit
480 1255 655 1301 dubium,
682 1255 904 1295 immutabo.

594 1310 701 1346 Dan.
731 1310 838 1348 Bene
862 1309 1003 1348 fecisti:
1037 1310 1133 1348 bene
1149 1310 1246 1348 vale.
1272 1310 1323 1348 40

223 1363 347 1400 Strat.
378 1361 495 1399 Nunc
513 1360 614 1398 enim
632 1368 675 1399 tu
692 1374 777 1400 mea
795 1375 846 1401 es.

355 1415 439 1451 Vir.
467 1414 578 1452 Soror
595 1414 749 1464 quidem
767 1415 951 1466 (edepol),
970 1422 1014 1453 ut
1030 1422 1074 1453 tu
1092 1427 1198 1466 aeque
1216 1415 1322 1455 scias.

224 1467 348 1512 Salve,
367 1466 481 1504 frater
496 1467 506 1503 !

383 1522 506 1559 Strat.
536 1519 674 1559 Sanan’
695 1520 775 1559 haec
794 1528 848 1560 est
861 1524 879 1560 ?

683 1576 802 1623 Epid.
831 1576 944 1621 Sana,
964 1575 996 1612 si
1013 1575 1178 1625 appellat
1197 1588 1326 1614 suum.

226 1627 349 1664 Strat.
381 1626 486 1669 Quid
501 1629 517 1664 ?
546 1639 615 1678 ego
632 1627 745 1665 modo
762 1627 850 1666 huic
867 1628 980 1666 frater
996 1628 1132 1676 factus,
1152 1628 1245 1666 dum
1264 1629 1324 1666 in-

382 1687 440 1716 tro
462 1692 505 1717 eo
523 1687 636 1731 atque
654 1683 776 1719 exeo?

224 1733 342 1781 Epid.
367 1731 484 1779 Quod
500 1734 590 1771 boni
609 1734 671 1782 ’st‚
689 1733 729 1771 id
747 1734 882 1772 tacitus
903 1733 1064 1785 [taceas]
1085 1741 1166 1773 tute
1182 1742 1322 1783 tecum,

384 1794 421 1822 et
439 1786 614 1835 gaudeas.

225 1839 349 1876 Strat.
378 1838 589 1884 Perdidisti,
610 1847 648 1878 et
663 1839 828 1892 reperisti
847 1852 922 1886 me,
939 1853 1050 1878 soror.

809 1894 927 1942 Epid.
957 1894 1118 1941 Stultus,
1138 1901 1218 1932 tace
1233 1893 1243 1931 !
1274 1894 1324 1931 45

227 1943 318 1982 Tibi
345 1944 513 1995 quidem,
543 1946 646 1996 quod
672 1958 788 1992 ames,
817 1945 921 1984 domi
946 1947 1141 1997 praesto'st
1157 1946 1322 1995 fidicina,

384 1999 497 2048 opera
515 2000 623 2038 meat

225 2050 280 2088 Et
297 2063 458 2089 sororem
475 2051 516 2089 in
533 2052 745 2091 libertatem
762 2053 862 2091 idem
881 2052 995 2103 opera
1012 2053 1167 2092 concilio
1183 2052 1284 2092 mea.

225 2105 351 2141 Strat.
378 2104 550 2155 Epidice‚
569 2105 699 2145 fateor.

334 2158 454 2206 Epid.
481 2158 563 2195 Abi
580 2158 693 2206 intro,
713 2172 755 2198 ac
768 2160 861 2208 jube
879 2159 968 2198 huic
991 2172 1131 2211 aquam
1151 2158 1325 2198 calefieri.
