1435 2400
211 50 286 89 166
501 51 584 90 ME
590 50 839 90 RCATOR.
867 51 950 90 ΙΙΙ.
977 53 1016 90 4.

210 154 328 191 Char.
350 153 543 206 Disperii!
573 155 668 194 illaee
685 155 873 195 interemit
889 169 952 194 me
969 155 1083 194 modo
1099 154 1163 194 hic
1176 155 1306 194 oratio.

207 205 350 245 Odiosa
365 216 419 246 ωε
432 209 562 257 oratio,
579 222 695 260 quom
710 222 789 247 rem
803 223 906 260 agas,
920 209 1173 261 longinquum
1186 208 1307 260 loqui.

206 259 406 311 Quidquid
425 269 492 310 est,
509 262 558 300 ad
576 263 697 312 capita
715 275 840 301 rerum
859 262 1024 312 perveni.

801 318 896 354 Eut.
925 315 1099 354 Primum
1117 314 1306 362 omnium,

209 364 412 404 Periimus.

359 421 479 459 Char.
508 421 615 468 Quin
648 429 689 459 tu
720 421 816 460 illud
850 421 976 472 potius
1006 421 1171 471 nuntias,
1203 421 1306 473 quod

475 474 596 512 nescio
607 475 624 511 ?
1253 475 1305 512 25

205 526 302 562 Eut.
331 524 478 564 Mulier
495 527 656 566 alienata
670 527 718 566 ’st
736 529 802 566 abs
819 535 867 565 te.

489 597 499 602 “
669 582 788 620 Char.
815 579 1014 631 Eutyche!
1045 579 1181 632 capital
1198 579 1304 619 facis-

204 631 300 669 Eut.
328 631 442 679 Qui?
1108 652 1111 655 ·

366 686 485 724 Char.
513 685 618 733 Quia
636 686 833 738 aequalem,
861 694 897 725 et
921 686 1087 726 sodalem
1110 687 1231 726 civem
1257 686 1307 724 li-

467 740 617 786 berum,
638 741 774 779 enicas.

202 790 300 827 Eut.
328 790 391 829 Ne
410 791 478 829 Dii
497 793 617 830 sirint.

364 845 483 883 Char.
510 845 709 884 Demisisti
732 845 905 897 gladium
925 845 965 884 in
987 846 1194 897 jugulum:
1219 847 1302 897 jam

467 898 611 936 cadam.

201 950 298 987 Eut.
327 948 467 996 Quaeso
490 950 669 1002 (hercle),
690 951 863 990 animum
880 964 928 990 ne
945 951 1150 1003 desponde.

549 1006 669 1043 Char.
697 1005 737 1042 N
740 1005 884 1053 ullu'st‚
904 1018 1019 1056 quem
1039 1005 1304 1057 despondeam-

200 1053 376 1106 Loquere
393 1068 503 1107 porro
521 1057 636 1096 aliam
654 1058 796 1096 malam
814 1071 918 1096 rem:
949 1058 1039 1109 quoi
1057 1066 1112 1096 est
1129 1066 1230 1096 emta
1242 1061 1260 1097 ,⁹

948 1113 1044 1149 Eut.
1072 1112 1113 1149 N
1116 1111 1223 1150 fficio.
1250 1111 1304 1149 30

198 1161 229 1200 J
232 1173 295 1200 am
322 1162 474 1201 addicta
499 1170 613 1215 atque
639 1163 803 1202 abducta
827 1171 918 1212 erat,
941 1176 1058 1215 quom
1081 1164 1130 1203 ad
1151 1171 1305 1216 portum

359 1229 480 1255 venio.

497 1271 616 1309 Char.
645 1270 718 1308 Vae
735 1269 857 1307 mihi!

199 1319 370 1360 Monteis
389 1329 430 1360 tu
450 1323 605 1374 quidem
624 1323 717 1360 mali
735 1322 775 1360 in
793 1335 856 1360 me
874 1322 1059 1361 ardenteis
1073 1322 1305 1372 jamdudum

354 1387 460 1424 Jams.

197 1427 344 1478 Perge:
366 1428 553 1476 excrucia,
573 1428 780 1467 carnufex!
804 1427 1111 1479 quandoquidem
1129 1428 1303 1480 occepisti

357 1481 487 1518 semel.
868 1502 870 1504 -

195 1534 294 1571 Eut.
323 1533 406 1571 Nec
430 1533 500 1572 tibi
527 1533 623 1572 istuc
643 1533 765 1585 magis
789 1532 939 1572 dividiae
965 1541 1034 1580 est,
1061 1547 1179 1586 quam
1206 1534 1303 1574 mihi

356 1586 469 1624 hodie
486 1586 571 1624 fuit.

198 1638 322 1679 Char.
349 1638 439 1687 Dic,
460 1639 545 1690 quis
564 1639 682 1677 emit?

409 1694 506 1730 Eut.
534 1692 686 1737 Nescio,
705 1691 840 1731 hercle.

570 1746 691 1784 Char.
719 1745 847 1784 Hem!
877 1744 1057 1785 istuccine
1077 1753 1133 1785 est
1149 1758 1301 1798 operam

673 1798 762 1836 dare
1249 1801 1302 1839 35

196 1849 354 1890 Bonum
373 1850 537 1889 sodalem
549 1851 568 1888 ἰ’

355 1906 450 1943 Eut.
479 1904 588 1952 Quid
605 1917 667 1943 me
683 1904 803 1943 facere
821 1905 876 1943 vis
887 1904 906 1941 ?

687 1959 805 1997 Char.
834 1957 958 2007 Idem,
979 1958 1082 2010 quod
1099 1971 1162 1998 me
1178 1958 1296 2008 vides,

194 2009 251 2049 Ut
273 2023 414 2062 pereas.
467 2009 575 2059 Quin
599 2010 865 2063 percontatu’s,
892 2011 1060 2051 hominis‘
1084 2025 1171 2064 quae
1185 2012 1298 2051 facies

355 2065 464 2113 foret,

194 2115 275 2164 Qui
291 2116 399 2155 illam
419 2117 590 2162 emisset;
621 2129 664 2156 eo
680 2117 712 2155 si
730 2125 840 2169 pacto
857 2125 981 2170 posset
999 2117 1208 2169 indagarier
1269 2120 1277 2152 J
1405 2105 1415 2118 ²
