1435 2400
387 62 784 104 MENAECHMEI.
811 63 865 102 V.
893 64 931 102 9.
1139 61 1210 100 131

367 173 476 210 Mes.
509 170 598 209 Tua
615 170 666 208 ’st
683 169 835 220 imago:
865 176 945 207 tam
964 169 1214 216 consimili’st‚

473 236 591 276 quam
609 230 747 274 potest.

99 281 217 320 Men.
235 281 319 318 Sos.
348 278 437 326 Pol,
460 277 642 329 profecto,
661 276 766 315 haud
787 283 844 315 est
861 275 1068 325 dissimilis,
1087 289 1215 314 meam

259 345 377 384 quom
395 332 560 370 formam
577 331 734 369 noscito.
1189 332 1214 367 5

101 388 216 426 Men.
235 399 340 424 surr.
372 385 410 424 Ο
430 386 659 433 adolescens,
689 385 806 433 salve,
826 384 895 437 qui
920 396 984 422 me
1009 383 1213 429 servavisti,

259 439 432 492 quisquis
449 439 513 478 os!

100 496 207 533 Με3.
226 494 471 539 Adolescens,
485 504 614 544 quaeso
631 491 799 544 (hercle)
819 492 976 543 loquere
988 498 1101 530 tuum
1119 490 1216 527 mihi

258 559 413 592 nomen,
433 547 475 584 ni
490 547 607 597 piget.

101 604 216 641 Men.
237 614 345 640 surr.
374 601 466 639 Non
488 598 658 652 (edepol)
678 600 732 638 ita
749 599 992 651 promeruisti
1011 598 1059 636 de
1076 610 1154 646 me,
1174 604 1219 635 ut
1241 611 1247 620 ·

259 655 401 706 pigeat,
421 667 508 705 quae
526 653 630 691 velis.

101 709 206 748 Mihi
224 716 280 747 est
292 708 561 747 Menaechmus
579 719 731 746 nomen.

517 762 632 799 .Men-.
654 763 739 799 Sos.
768 760 899 798 Immo
916 757 1089 811 (edepol)
1107 758 1217 797 mihi.

104 819 220 855 Men.
238 828 344 855 surr.
369 814 522 855 Siculus
540 827 627 852 sum
647 816 917 866 Syracusanus.

485 870 600 907 Men.
621 870 704 907 Sos.
736 868 798 905 Ea
815 868 951 906 domus
969 874 1006 906 et
1023 866 1146 918 patria
1163 874 1218 905 est

598 922 707 960 mihi.
1164 921 1214 958 10

104 979 219 1016 Men.
238 989 345 1016 surr.
371 975 482 1024 Quid
499 988 569 1026 ego
586 988 636 1013 ex
655 983 692 1013 te
711 975 852 1014 audio?

396 1031 511 1068 Men.
533 1031 618 1067 Sos.
645 1029 732 1067 Hoc
751 1028 853 1080 quod
871 1040 928 1065 res
947 1035 1013 1066 est.

495 1083 604 1120 Mes.
631 1082 736 1120 Novi
754 1081 931 1133 equidem
948 1081 1076 1119 hunc:
1105 1080 1219 1119 herus

601 1142 657 1174 est
675 1147 797 1173 meuS.

104 1192 191 1243 Ego
209 1190 366 1243 quidem
392 1190 509 1239 hujus
531 1201 660 1227 servus
684 1201 799 1227 sum:
829 1188 895 1227 sed
919 1200 981 1226 me
998 1200 1078 1226 esse
1101 1188 1219 1237 hujus

263 1244 413 1282 credidi.

104 1298 191 1350 Ego
218 1297 323 1336 hunc
355 1297 554 1336 censebam
583 1309 661 1335 esse
689 1303 750 1334 te:
792 1295 883 1334 huic
914 1295 1029 1333 etiam
1061 1294 1219 1333 exhibui

264 1351 472 1402 negotium.

103 1405 263 1454 Quaeso„
297 1406 484 1456 ignoscaS‚
520 1402 553 1441 si
585 1402 681 1454 quid
716 1402 832 1442 stulte
862 1401 958 1451 dixi,
994 1409 1110 1453 atque
1144 1403 1219 1441 im-

262 1458 444 1510 prudens,
463 1457 545 1494 tibi.

105 1515 220 1552 Men.
252 1514 335 1551 Sos.
365 1511 539 1550 Delirare
560 1509 658 1548 mihi
684 1509 824 1548 videre.
878 1508 971 1547 Non
995 1510 1219 1549 commemi-

263 1565 352 1604 nisti
370 1564 487 1604 simul
1165 1565 1214 1602 15

105 1621 165 1660 Te
182 1619 297 1660 hodie
313 1631 467 1657 mecum
486 1618 590 1657 exire
607 1630 628 1657 e
646 1616 763 1656 navi?

502 1673 607 1710 Mes.
633 1671 842 1710 Enimvero
857 1683 1012 1723 aequum
1031 1671 1215 1722 postulas.

103 1728 170 1766 Tu
189 1727 304 1766 herus
321 1739 386 1765 es:
405 1733 449 1765 tu
467 1738 620 1764 servum
640 1738 788 1777 quaere:
810 1724 951 1763 salveto
970 1732 1040 1763 tu:
1061 1732 1104 1763 tu
1122 1725 1220 1764 vale.

105 1782 224 1820 Hunc
243 1793 312 1831 ego
329 1792 410 1818 esse
428 1779 487 1818 aio
507 1779 807 1818 Menaechmum.

211 1836 324 1872 Men.
347 1846 452 1871 surr.
477 1833 537 1871 At
556 1846 626 1884 ego
643 1845 720 1871 me.

523 1889 638 1925 Men.
659 1889 743 1926 Sos.
771 1886 873 1935 Quae
886 1886 968 1924 haec
985 1885 1117 1925 fabula
1135 1893 1191 1925 est
1203 1885 1221 1921 P

106 1943 171 1981 Tu
190 1954 229 1980 es
247 1939 515 1979 Menaechmus
528 1942 546 1978 ἓ

236 1995 353 2032 Men.
368 2007 473 2032 surr.
503 1993 575 2033 Me
593 2007 673 2033 esse
688 1993 788 2043 dim,
809 1993 974 2032 Moscho
992 2000 1222 2046 prognatum

371 2054 492 2099 patre.

105 2106 220 2143 Men.
239 2104 323 2142 Sos.
349 2100 456 2139 Tun’
476 2113 563 2141 meo
579 2109 687 2151 patre
704 2115 744 2140 eo
760 2111 970 2152 prognatus
984 2103 1002 2139 Ρ
