1435 2400
217 64 398 104 MILES
426 65 760 105 GLORIOSUS.
789 65 864 103 IV.
893 67 932 105 2.
1050 66 1130 106 239

18 171 213 212 Aitillam
235 172 428 220 miseram,
456 171 626 221 cruciari,
652 178 689 211 et
713 172 987 223 lacrymantem
1012 185 1050 211 se
1075 173 1132 210 af-
1159 164 1171 189 s
1204 194 1207 197 ν
1284 194 1303 205 >

22 279 126 325 Quia
144 225 335 329 ᾱεῌίἒὲἒί
351 277 442 329 quia
459 285 496 316 te
514 285 649 316 careat.
689 277 756 317 Ob
785 291 869 316 eam
888 292 969 317 rem
988 216 1161 317 ὴαεῖειΙ

178 332 347 370 temlssa
359 332 419 369 ’st.

17 387 143 437 Pyrg.
174 386 204 424 J
206 387 281 424 ube
298 385 412 423 adire.

308 441 401 477 Pal.
425 439 485 477 At
504 439 627 485 sci'n’,
648 438 741 490 quid
758 446 801 476 tu
820 438 967 477 facias?
995 439 1075 477 face
1095 448 1131 478 te

406 493 534 530 fastidi
552 493 726 543 plenum,

11 546 141 594 Quasi
163 558 239 585 non
257 546 411 585 lubeat:
440 559 503 584 me
526 546 745 594 inclamato,
765 545 857 597 quia
881 545 934 584 sic
957 552 994 584 te
1019 546 1131 597 volgo
1196 543 1198 545 ’

175 613 223 638 vo
265 613 338 638 em.

4 654 140 704 ,Pyrg.
168 600 350 701 Melssnini,
370 661 408 691 et
425 654 621 705 praeceptis
638 653 788 705 parebo.

227 709 317 745 Pal.
346 707 455 745 Voco
473 720 562 757 ergo
579 707 691 757 hanc,
712 719 799 759 quae
816 713 854 744 te
872 706 1010 757 quaerit
1027 709 1045 745 ζ)
1074 708 1126 744 45

11 763 145 811 Pyrg.
173 761 317 808 Adeat,
338 760 369 798 si
387 760 481 812 quid
498 761 589 798 volt.

279 816 370 853 Pal.
399 814 441 853 si
459 814 554 865 quid
570 814 640 860 vis,
662 813 738 861 adi,
762 813 912 851 mulier.

630 869 689 905 M
691 869 782 917 2ka
811 867 991 915 Pulcher,
1012 868 1126 906 salve.

12 922 138 973 Pyrg.
179 921 318 960 Meum
346 903 639 972 cognomentum
669 922 754 971 quis
781 923 1124 961 commemoravit?

167 975 237 1014 Dii
253 975 325 1013 tibi
342 975 434 1013 dent
451 988 537 1026 quae
555 982 672 1035 optes·

8 1030 69 1068 M
68 1030 159 1080 zlph.
190 1029 338 1066 Tecum
357 1035 507 1066 aetatem
526 1028 674 1078 exigere
692 1035 737 1064 ut
754 1027 876 1065 liceat.

430 1083 561 1131 Pyr-g.
589 1081 770 1119 Nimium
790 1089 910 1131 optas.

650 1135 818 1184 Mz'lplz.⁴
831 1135 922 1172 Non
940 1146 1005 1171 me
1023 1133 1122 1183 dieo,

6 1189 81 1229 Sed
100 1189 231 1228 heram
249 1201 390 1235 meam,
411 1201 498 1239 quae
515 1194 552 1225 te
570 1187 790 1234 demoritur.
827 1198 831 1209 ·-
852 1226 869 1234 J

299 1241 424 1291 Pyrg.
449 1241 590 1279 Multae
609 1241 694 1279 aliae
711 1241 813 1278 idem
831 1241 928 1279 istuc
947 1241 1122 1292 cupiunt,

6 1297 160 1345 Quibus
175 1308 253 1335 non
273 1303 328 1334 est
341 1296 461 1347 copia.

205 1350 354 1399 Milph.
384 1350 556 1396 Ecastor,
576 1347 681 1385 haud
697 1347 855 1395 mirum,
876 1347 908 1386 si
926 1354 964 1385 te
981 1347 1122 1386 habeas

303 1415 448 1449 carum,
1067 1404 1119 1440 50

5 1457 217 1500 Hominem
234 1463 315 1494 tam
329 1456 550 1507 pulchrum,
570 1462 608 1493 et
625 1455 807 1506 praeclar'a
817 1453 971 1503 virtute,
991 1463 1028 1494 et
1045 1455 1123 1494 for-

164 1510 244 1557 ma,
266 1517 303 1548 et
320 1509 438 1548 factis.

5 1564 150 1616 Ecquis
166 1563 316 1614 dignior
333 1563 421 1609 fuit,
441 1563 557 1602 homo
575 1562 644 1614 qui
661 1562 784 1601 esset?

283 1619 371 1656 Pal.
402 1617 493 1655 Non
515 1616 687 1668 (hercle)
707 1616 923 1654 humanum
939 1617 987 1655 ’st
1005 1628 1118 1667 ergo:

6 1672 111 1710 Nam
130 1670 292 1709 volturio
297 1671 405 1729 plus
413 1670 575 1709 humani
595 1669 742 1722 (credo)
765 1677 833 1708 est.

176 1730 225 1771 7ι
233 1733 270 1757 ι
347 1744 384 1757 ψ»
531 1723 657 1774 Pyrg.
685 1724 881 1775 Magnum
898 1736 962 1762 me
979 1723 1119 1762 faciam

3 1779 135 1826 Nune,
155 1779 336 1830 quoniam
353 1777 452 1816 illaec
468 1790 531 1815 me
545 1776 745 1816 collaudat.

279 1832 365 1871 Pal.
395 1829 508 1869 Vide'
511 1831 551 1868 n'
569 1831 769 1882 ignavum,
792 1837 837 1868 ut
855 1844 935 1869 sese
952 1830 1115 1869 inferat!

5 1885 111 1930 Quin
131 1893 172 1923 tu
191 1884 281 1923 huic
298 1884 496 1935 responde.
523 1885 621 1923 Haec
638 1884 736 1924 illaec
754 1891 810 1924 est
827 1886 876 1923 ab
894 1884 976 1932 im,
997 1897 1117 1935 quam

164 1937 313 1976 dudum
332 1965 343 1976 .
362 1963 373 1975 .
394 1964 404 1974 .
427 1964 436 1974 .
1063 1940 1115 1974 55

3 1994 127 2044 Pyrg.
156 1992 339 2040 Quanam
363 1992 411 2029 ab
429 1991 606 2030 illarum.
596 1994 615 2019 ⁹
643 2004 749 2040 nam,
769 1991 823 2030 ita
839 2004 903 2030 me
920 1998 1116 2031 occursant

161 2045 308 2092 multae,
329 2044 546 2083 meminisse
563 2045 668 2083 haud
685 2055 858 2097 possum.

0 2101 151 2152 Milph.
179 2099 247 2137 Ab
265 2098 346 2145 illa,
367 2111 454 2148 quae
478 2097 616 2149 digitos
638 2098 824 2150 despoliat
841 2110 945 2143 sune,
966 2105 1003 2135 et
1029 2105 1114 2135 tuos

160 2152 298 2203 digitos
315 2126 477 2190 decorat.
