1435 2400
194 112 271 149 284
453 107 885 147 MOSTELLARIA.
916 108 976 147 II.
1002 111 1041 147 2.

210 218 352 254 leeur.
381 213 488 261 Quid
512 215 608 254 istuc
630 222 699 263 est,
725 214 907 253 sceleste?
937 222 1003 253 aut
1026 213 1111 266 quis
1134 211 1174 251 id
1190 210 1309 307 feci&

363 267 465 305 cedo.

212 322 332 359 Trau.
361 320 511 372 Hospes
528 321 674 359 necavit
690 322 874 372 hospitem
892 328 1044 371 captum
1062 331 1179 357 manu
1191 331 1210 363 ς·

207 375 300 420 Iste,
321 378 379 417 (ut
395 386 464 423 ego
482 374 632 425 opinor)
653 375 720 426 qui
738 375 805 412 has
824 374 894 412 tibi
914 374 1024 412 aedeis
1042 372 1221 411 vendidit.

218 429 366 466 leeur.
395 427 555 465 Necavit
569 429 586 464 ?

537 481 657 517 Trou.
684 481 839 518 Aurum
859 480 906 518 eii
925 479 1066 519 ademit
1080 476 1236 527 hospiti,
1265 476 1318 513 50

210 533 392 584 Eumque
408 533 472 570 hic
487 532 630 570 defodit
646 533 833 584 hospitem
852 534 994 572 ibidem
1013 533 1053 570 in
1073 530 1227 569 aedibus.

220 589 245 624 2⁷
249 588 324 624 'hen
331 599 362 624 r.
391 586 632 636 Quapropter
646 587 685 623 id
704 600 768 624 vos
786 587 928 625 factum
950 583 1220 636 suspicamini?

222 642 341 677 Tran.
371 639 457 689 Ego
476 639 624 683 dicam3
653 640 835 678 ausculta.
879 641 935 679 Ut
953 640 1041 677 foris
1061 642 1268 676 coenaverat

217 691 328 731 Tuus
347 700 498 743 gnatus,
517 701 721 742 postquam
739 693 848 731 rediit
866 707 888 731 a
906 693 1010 731 coena
1029 691 1202 737 domum,

215 747 385 783 Abimus
403 758 534 782 omnes
551 747 737 792 cubitum,
754 746 1096 784 condormivimus:
1270 743 1322 779 55

215 799 430 837 Lucernam
449 798 544 836 forte
562 799 701 837 oblitus
718 799 865 837 fueram
884 799 1144 849 exstinguere3

217 854 350 902 Atque
368 851 432 889 ille
453 851 641 889 exclamat
659 851 856 903 derepente
873 863 1114 889 maxumum.

225 905 368 942 Tlceur.
397 904 497 951 Quis
514 904 659 942 homo?
687 917 734 941 an
754 913 890 955 gnatus
909 904 1044 942 meus?

658 959 778 994 Tran.
799 959 857 1004 St,
877 964 981 996 tace:
1011 955 1182 994 ausculta
1198 953 1325 993 modo.

219 1009 291 1047 Ait
310 1009 453 1048 venisse
471 1010 581 1046 illum
601 1010 640 1046 in
660 1011 801 1047 somnis
820 1011 868 1048 ad
886 1023 925 1048 se
942 1017 1151 1047 mortuum.

227 1064 370 1100 leeur.
403 1062 555 1114 Nempe
573 1075 660 1113 ergo
678 1064 717 1101 in
733 1064 874 1101 somnis
891 1065 908 1101 ?

584 1118 703 1154 Tran.
734 1117 820 1154 Ita:
852 1116 916 1155 sed
934 1115 1106 1154 ausculta
1121 1113 1248 1152 modo.
1275 1110 1329 1151 60

221 1169 294 1207 Ait
310 1169 422 1206 illum
440 1168 511 1206 hoc
528 1180 638 1219 pacto
657 1170 728 1209 sibi
744 1169 883 1209 dixisse
899 1176 1096 1207 mortuum
1117 1197 1128 1207 .
1147 1195 1159 1208 .
1179 1195 1190 1207 .
1208 1195 1219 1204 .

229 1224 372 1261 Tleeur.
400 1222 449 1260 In
469 1223 611 1260 somnis
625 1222 643 1259 ’ἓ

555 1277 675 1314 Tran.
704 1276 854 1314 Mirum
877 1276 970 1328 quin
988 1273 1161 1325 vigilanti
1178 1273 1329 1322 diceret,

222 1328 303 1376 Qui
323 1329 460 1367 abhinc
478 1330 673 1380 sexaginta
690 1330 797 1368 annis
815 1331 958 1368 occisus
975 1329 1082 1367 foret.

226 1383 425 1420 Interdum
446 1383 570 1433 inepte
589 1384 726 1422 stultus
750 1397 799 1422 es.

231 1436 378 1474 leeur.
404 1435 542 1473 Taceo.

524 1490 644 1526 Tran.
674 1489 749 1528 Sed
767 1502 863 1537 ecce,
883 1502 970 1540 quae
986 1488 1052 1526 ille
1068 1486 1219 1538 inquit:
1276 1486 1332 1524 65

225 1544 253 1564 “
275 1542 361 1592 Ego
380 1543 652 1581 transmarinus
670 1543 805 1592 hospes
824 1555 909 1580 sum
928 1540 1172 1592 Diapontius.

223 1595 303 1632 Hic
321 1596 450 1633 habito
466 1609 477 1632 ε
506 1595 589 1633 haec
606 1595 702 1634 mihi
719 1595 846 1634 dedita
860 1596 907 1633 ’st
923 1594 1119 1632 habitatio.

223 1647 331 1685 Nam
349 1660 412 1686 me
425 1649 688 1686 Acheruntem
705 1649 866 1699 recipere
885 1647 1010 1686 Orcus
1032 1646 1168 1694 noluit,

224 1699 330 1746 Quia
346 1709 573 1751 praemature
593 1701 670 1739 vita
688 1714 806 1739 careo.
845 1701 919 1739 Per
937 1700 1052 1738 fidem

225 1752 417 1804 Deceptus
435 1767 532 1792 sum.
575 1755 725 1805 Hospes
742 1755 807 1792 hic
820 1767 884 1792 me
901 1754 1049 1792 necavit
1062 1769 1074 1801 3
1104 1753 1212 1804 isque
1229 1764 1292 1790 me

224 1805 381 1845 Defodit
397 1808 630 1858 insepultum
647 1808 744 1846 clam
757 1808 899 1846 ibidem
914 1808 954 1845 in
973 1807 1074 1845 hisce
1093 1806 1251 1855 aedibus,
1280 1806 1329 1850 71

225 1860 425 1907 Scelestus‚
447 1862 528 1898 auri
548 1861 673 1898 causa.
719 1861 760 1898 N
763 1874 837 1899 unc
854 1868 898 1899 tu
915 1860 1004 1898 hinc
1023 1860 1177 1910 emigra.

227 1913 401 1951 Scelestae
418 1913 479 1952 hae
497 1921 585 1952 sunt
603 1914 713 1962 aedes,
734 1914 855 1966 impia
869 1917 915 1952 ’st
932 1913 1209 1951 habitatio.”—-

223 1965 323 2056 ἕαδε
340 1966 404 2005 hic
422 1975 590 2006 monstra
607 1967 719 2015 fiunt,
739 1973 838 2006 an'no
852 1967 923 2006 vix
940 1979 1095 2019 possum
1114 1966 1253 2017 eloqui.

273 2047 284 2066 ,
304 2020 364 2057 st!

339 2073 486 2112 leeur.
517 2073 639 2123 Quid,
660 2074 855 2128 (obsecro)
871 2074 1008 2123 hercle,
1029 2074 1172 2112 factum
1185 2071 1262 2110 ’st?

753 2131 873 2168 Tran.
905 2127 1134 2179 Concrepuit
1150 2125 1251 2166 foris.
1281 2125 1333 2170 75

225 2177 386 2220 Hiccine
405 2181 619 2233 percussit?
