1435 2400
205 64 279 102 168
492 64 827 103 MERCATOR.
860 64 941 102 ΙΙΙ.
970 66 1009 102 4.

204 169 408 220 Numquid
427 177 496 218 εει,
514 170 617 222 quod
633 170 735 208 dicas
753 169 856 208 aliud
874 169 922 208 de
938 169 1005 208 illo
1017 171 1036 208 ‚⁹

646 226 741 261 Eut.
770 224 954 270 Tantum,
975 221 1077 274 quod
1092 221 1218 260 sciam.
1250 223 1303 265 57

208 277 325 315 Char.
354 275 518 328 Edepol,
547 289 621 323 nae,
652 277 716 314 ille
738 276 910 327 oblongis
941 276 1052 314 malis
1078 275 1182 313 dedit
1207 275 1302 313 mihi

360 342 543 381 magnum
563 331 722 367 malum.

204 381 294 420 Non
320 395 472 433 possum
492 383 649 421 durare:
679 391 822 420 certum
839 381 886 420 ’st
905 382 1118 421 exsulatum
1141 380 1229 419 hinc
1246 381 1300 419 ire

168 489 171 491 ’
203 489 292 536 Sed,
309 449 584 540 quitnnticapiam
598 489 799 536 civitatem,
815 488 937 539 cogito
947 488 1222 539 potissumum:
1253 487 1304 524 60

204 542 599 633 MegarabEretriam,
621 542 861 588 Corinthum,
883 541 1116 588 Chalcidem,
1137 541 1303 586 Cretam,

204 609 639 709 Sicyonemzprgiiridum,
678 648 933 699 Zacynthum,
966 646 1159 694 Lesbiam,
1192 645 1305 684 Boeo-

208 756 305 793 Eut.
334 709 527 793 Ciiffsluc
544 762 681 805 coeptas
699 753 896 792 consilium
910 755 928 791 ‚⁹

555 809 671 847 Char.
701 807 805 854 Quia
822 807 922 844 enim
941 818 1003 843 me
1021 806 1174 844 afflictat
1192 817 1308 844 amor.

209 861 303 898 Eut.
334 860 440 908 Quid
459 869 500 898 tu
519 861 573 898 ais
591 863 608 899 ‚⁹
649 860 769 908 Quid,
789 872 905 910 quom
923 859 1026 907 illuc,
1047 871 1122 910 quo
1140 870 1240 896 nunc
1258 859 1310 896 ire

366 914 517 964 paritas,
538 914 680 952 veneris
694 916 711 951 ?

208 967 250 1005 Si
279 966 332 1005 ibi
360 980 485 1026 amare
507 967 601 1004 forte
621 966 792 1017 occipias,
817 973 930 1017 atque
957 965 1048 1002 item
1075 965 1156 1014 ejus
1185 964 1232 1003 sit
1253 965 1311 1028 in:

209 1073 237 1111 J
241 1086 302 1111 am
322 1033 415 1110 '1³35
418 1033 536 1133 lgorro
552 1072 751 1123 aufugies?
780 1071 914 1109 deinde
929 1071 1019 1109 item
1036 1071 1155 1119 illinc,
1175 1071 1206 1108 si
1220 1019 1313 1108 itessnii

211 1179 310 1227 Quis
340 1134 571 1217 nfovfffffriiiii
599 1178 730 1217 exsilio
756 1178 908 1216 tandem
935 1177 1103 1216 eveniet?
1134 1177 1200 1228 qui
1228 1177 1314 1215 finis

368 1231 409 1269 fu
441 1234 503 1270 ae?

211 1285 311 1333 Quae
329 1246 449 1346 panigo.
467 1292 533 1323 aut
551 1285 687 1324 domus
705 1285 774 1323 tibi
801 1283 945 1323 stabilis
964 1296 1041 1323 esse
1062 1283 1227 1333 poterit?
1254 1282 1316 1322 dic

372 1340 480 1377 mmi-

213 1391 329 1439 Cedo,
361 1392 392 1429 si
419 1393 490 1430 hac
511 1393 604 1430 urbe
631 1391 725 1439 abis,
751 1403 917 1429 amorem
944 1398 980 1428 te
1006 1389 1071 1427 hic
1097 1389 1317 1428 relicturum

401 1454 481 1482 uras
497 1447 515 1483 ?

213 1499 255 1536 Si
277 1498 316 1535 id
333 1459 428 1536 foi-'te
447 1498 499 1536 iia
522 1505 579 1536 sat
603 1498 730 1535 animo
748 1505 938 1548 receptum
960 1494 1033 1541 ἐἰς
1062 1494 1102 1532 id
1130 1509 1197 1547 pro
1216 1504 1318 1534 certo

371 1551 403 1588 si
419 1551 558 1595 habe53
1265 1550 1317 1593 70

213 1604 370 1651 Quanto
390 1612 426 1641 te
451 1603 599 1642 satiu’st
622 1616 686 1641 rus
713 1603 840 1655 aliquo
857 1602 974 1650 abire,
1001 1601 1055 1640 ibi
1073 1613 1164 1650 esse,
1187 1601 1241 1640 ibi
1258 1603 1316 1640 vi-

375 1670 458 1694 vere

214 1710 339 1756 Adeo,
360 1685 585 1800 dfum’inius
614 1717 651 1748 te
678 1709 862 1760 cupiditas
883 1715 998 1760 atque
1022 1720 1128 1747 amor
1152 1707 1312 1746 missum

390 1764 461 1800 acit
474 1765 491 1800 Ρ

219 1817 335 1855 Char.
363 1817 456 1854 Jam
478 1815 632 1854 dixisti?

508 1871 602 1907 Eut.
627 1869 739 1907 Dixi.

627 1924 747 1961 Char.
777 1924 935 1961 Frustra
953 1922 1062 1961 dixti.
1118 1922 1205 1960 Hoc
1222 1920 1318 1959 mihi

746 1977 1010 2015 certissumum
1022 1976 1082 2013 'st-

216 2030 276 2067 Eo
290 2028 463 2075 domum,
482 2037 627 2079 patrem
642 2038 757 2080 atque
769 2038 930 2067 matrem
948 2036 992 2067 ut
1009 2041 1112 2067 meos
1131 2027 1290 2066 salutem
1304 2041 1316 2064 z

375 2091 505 2132 postea

218 2136 330 2174 Clam
357 2143 503 2185 patrem
534 2135 654 2186 patri&
682 2136 752 2174 hac
781 2136 973 2186 effugiam,
998 2142 1063 2173 aut
1091 2133 1235 2186 aliquid
1259 2146 1321 2171 ca·

377 2188 480 2239 piam
500 2189 642 2227 consili.
1271 2187 1322 2229 75
