1435 2400
288 57 468 98 MILES
497 55 831 96 GLORIOSUS.
860 55 939 95 IV.
966 57 1009 95 3.
1125 55 1204 93 243

92 163 185 203 Vidi
201 163 266 202 11ἰο
283 176 449 203 sororem
467 176 546 202 oese
564 164 660 212 ejus.

570 219 621 256 P
608 230 700 267 Jrg
728 215 965 254 Convenitne
983 228 1067 254 eam
1078 215 1097 252 '3
1153 214 1202 252 12

94 271 182 309 Pal.
196 270 410 310 ‘Convenit-

302 326 431 374 Pyrg.
460 323 615 376 Ecquid
632 323 741 363 fortis
758 323 839 361 visa
858 325 945 360 est?

889 378 976 414 Pal.
1005 375 1151 414 Omnia

90 431 162 470 Vis
180 431 378 470 obtinere?

250 487 305 523 P
291 498 382 534 Jrg
410 484 492 523 Ubi
509 492 670 522 matrem
690 497 769 522 esse
787 483 890 521 aibat
910 484 1043 521 soror?

89 537 176 575 Pal.
197 538 371 576 Cubare
360 551 401 575 m
414 538 503 575 navi
519 538 679 588 lippam,
697 545 811 588 atque
826 536 944 575 0011115
960 535 1133 586 turgidis,
1156 536 1204 572 15

88 592 130 629 N
132 591 303 630 auelerus
321 591 432 638 dixit,
453 592 522 642 qui
539 591 624 628 illas
642 591 804 634 advexit,
825 589 934 627 mihi.

88 645 130 682 Is
149 644 198 682 ad
216 644 285 683 hos
303 646 501 683 nauclerus
519 644 683 694 hospitio
702 643 923 682 devortitur.

88 699 220 748 Pyrg.
253 698 360 746 Quid
377 699 440 737 is?
470 698 606 749 ecquid
624 698 761 736 fortis?

444 754 533 789 Pal.
560 751 643 789 Abi
662 751 710 789 sis
728 751 841 789 hinc:
873 762 964 800 nam
983 756 1026 787 tu
1046 749 1203 801 quidem

85 804 154 842 Ad
174 818 288 856 equas
306 805 413 844 fuisti
432 805 546 843 scitus
565 805 823 853 admissarius,
908 815 927 829 Ι·
984 832 988 838 f

86 858 167 905 Qui
186 866 396 898 consectare
415 858 493 910 qua
511 871 647 907 mares,
668 858 745 910 qua
762 857 937 896 feminas,
1151 857 1204 895 ‘20

80 913 217 962 *Pyrgz
250 913 338 951 Hoc
355 926 424 964 age
441 925 556 950 nunc.

408 967 499 1005 Pal.
530 965 650 1004 Istuc.

469 1021 600 1068 Pyrg.
631 1017 749 1066 Quod
768 1018 835 1057 das
854 1017 1055 1056 consilium
1073 1015 1170 1054 mihi
1184 1018 1202 1055 Ρ

89 1071 149 1109 Te
166 1083 254 1109 cum
272 1071 340 1109 illa
358 1073 473 1110 verba
492 1072 612 1110 facere
630 1072 676 1109 de
694 1072 767 1109 ista
786 1085 825 1110 re
844 1072 930 1109 volo
945 1085 956 1117 3

86 1124 193 1162 Nam
213 1137 301 1163 cum
319 1125 385 1162 illa
405 1138 494 1163 sane
513 1137 701 1176 congruus
720 1138 843 1164 sermo
862 1125 943 1163 tibi.

89 1179 181 1215 Pal.
208 1178 316 1226 Quin
345 1179 486 1230 potius,
507 1191 624 1230 quom
650 1185 731 1216 tute
756 1178 860 1226 ades,
885 1186 993 1216 tuam
1016 1190 1097 1216 rem
1119 1183 1202 1215 tute

245 1245 346 1282 agas.

85 1284 203 1322 Dicas
222 1298 381 1324 uxorem
400 1286 470 1324 tibi
489 1298 685 1324 necessum
703 1298 782 1324 esse
801 1285 951 1334 ducere,
1146 1285 1200 1321 25

86 1338 277 1389 Cognatos
295 1339 531 1390 persuadere,
552 1339 693 1377 amicos
711 1351 851 1390 cogere.

85 1393 217 1441 Pyrg.
246 1393 357 1431 Itane
375 1401 418 1431 tu
438 1392 592 1430 00115359

511 1447 607 1486 Ραῖ.
637 1445 743 1490 911111
762 1458 830 1497 ego
848 1445 889 1483 ni
907 1445 960 1483 ita
978 1446 1180 1484 censeam?

85 1499 216 1548 Pyrg.
245 1499 316 1537 Ibo
334 1498 452 1549 igitur
469 1499 582 1537 intro.
617 1500 704 1549 ,Τιι
722 1499 786 1551 hic
804 1507 892 1538 ante
911 1498 1021 1537 aedeis
1046 1498 1199 1536 interim

84 1552 302 1602 speculare,
321 1561 377 1595 ut,
399 1553 467 1590 ubi
483 1552 582 1591 illaec
598 1542 776 1604 Ρ1ὀᾶε3ξ
787 1553 851 1591 me
868 1565 1058 1604 provoces.

85 1607 174 1643 Pal.
204 1605 269 1644 Tu
287 1606 429 1645 1110ᾶο
419 1616 516 1644 istuc
535 1619 638 1653 cura,
660 1606 763 1658 quod

461 1659 587 1709 Pyrg.
617 1660 804 1698 Curatum
823 1660 863 1697 id
881 1659 1038 1711 quidem
1058 1660 1119 1698 ’st-
1146 1660 1200 1698 30

84 1711 206 1760 Quin,
227 1712 260 1750 si
278 1713 472 1751 voluntate
490 1714 607 1761 nolet,
627 1714 666 1750 vi
685 1713 885 1751 extrudam
903 1713 1007 1751 foris.

88 1765 173 1803 Pal.
200 1766 306 1804 Istuc
324 1779 413 1804 cave
430 1767 554 1805 faxis:
586 1767 680 1818 quin
699 1767 826 1817 potius
845 1780 912 1818 per
931 1767 1095 1817 gratiam

85 1819 237 1857 Bonam
255 1821 366 1857 abeat
380 1821 448 1857 abs
466 1829 524 1858 te:
556 1830 671 1871 atque
689 1821 798 1866 fflaec,
819 1833 905 1871 quae
923 1820 1018 1868 dixi,
1039 1820 1143 1858 dato.

83 1873 256 1917 Aurum,
276 1880 588 1924 ornamentaque,
608 1887 695 1924 quae
712 1874 768 1911 illi
787 1873 1011 1917 instruxisti,
1032 1873 1142 1912 ferat.

90 1925 213 1976 Pyrg.
243 1925 383 1977 Cupio,
402 1925 536 1965 hercle.

405 1978 492 2017 Pal.
519 1980 642 2019 Credo
660 1988 697 2019 te
713 1980 823 2019 facile
840 1980 1116 2030 impeti-assere.
1144 1980 1198 2017 35

83 2031 159 2072 Sed
177 2032 240 2071 abi
258 2032 358 2071 intro
371 2046 383 2070 ι
412 2032 492 2070 11011
510 2041 620 2072 stare.

537 2089 664 2137 Pyrg.
691 2087 785 2126 Tibi
802 2099 888 2126 sum
907 2087 1099 2125 obediens.

83 2140 171 2180 Pal.
200 2139 406 2192 Numquid
423 2138 573 2178 videtur
590 2139 800 2190 demutare,
819 2147 934 2191 atque
952 2140 1010 2178 uti
1028 2152 1098 2190 ego
