1435 2400
271 54 452 95 MILES
482 55 1000 96 GLORIOSUS.III.1.
1107 57 1187 93 225

72 163 259 216 Remove,
287 163 366 209 abi,
395 163 530 201 aufer)
534 164 642 201 ’-Ν
644 164 809 201 eminem
829 176 959 201 eorum
986 163 1067 201 haec
1088 175 1189 200 asse·

0 246 13 253 „
43 240 47 242 -
76 201 192 262 ζ
162 237 208 255 e
210 229 358 265 verare
371 217 531 257 audias:
1111 217 1185 252 163

12 242 15 245 .
71 269 148 308 Sed
165 255 389 319 procellunt
422 283 474 315 se,
506 276 543 307 et
573 271 831 320 procumbunt
859 270 1061 318 dimidiati,
1091 269 1186 307 dum

63 319 140 353 '⁴¹'—
133 338 198 363 >-
200 331 426 374 “appetunt-

0 372 5 373 ⁷
30 368 47 379 ²
69 376 164 412 Pal.
196 376 332 414 Bonus
350 378 447 414 bene
467 385 508 415 ut
526 376 649 414 malos
668 376 864 427 descripsit
881 377 1030 414 mores!

525 431 663 479 Perip.
694 430 814 467 Haud
833 430 1075 467 centesimam
1108 429 1182 466 165

70 482 226 520 Partem
255 482 349 531 dixi,
382 491 496 535 atque
526 484 667 535 (otium
699 484 754 521 rei
787 483 820 521 si
854 481 920 531 sit)
948 482 1089 534 possim
1118 494 1185 519 ex-

68 590 160 627 Pal.
190 549 521 641 Igfflilffiifflquod
546 588 672 640 agitur
696 588 775 636 hic,
808 589 978 640 primum
1005 588 1184 640 praevorti

69 695 111 733 N
114 708 188 734 unc
205 642 475 761 hciiioeatfiimum
502 696 689 735 advortite
707 698 834 735 ambo.
888 696 996 735 Mihi
1014 708 1111 747 opus
1129 703 1184 734 est

68 758 538 864 ΡετίΡΙεέξξξηῐίιξὲῗῃειω
556 816 625 855 ego
643 803 770 842 inveni
787 801 954 855 lepidam
973 802 1185 854 sycophan-

68 908 153 956 Qui
172 864 419 948 adrffiemr
437 909 555 949 Miles
573 924 694 962 usque
713 910 946 955 casanatus3
976 916 1090 960 atque
1108 910 1167 947 uti

69 961 175 1000 Huic
205 963 350 1001 amanti
381 976 425 1002 ac
453 964 730 1003 Philocomasio
761 964 859 1003 hanc
885 963 1091 1002 efficiamus
1120 976 1183 1001 co-

69 1069 126 1107 Ut
143 1069 206 1108 hic
227 1029 509 1116 {ziiiiinabducat⁹
529 1072 725 1121 abeatque.
1107 1017 1179 1063 171

462 1126 599 1173 Perip.
629 1124 724 1161 Dari
741 1124 861 1162 istanc
878 1123 1062 1161 rationem
1081 1122 1183 1160 volo.

68 1177 161 1214 Pal.
187 1177 245 1214 At
262 1190 332 1228 ego
351 1177 447 1215 mihi
465 1178 653 1215 annulum
672 1177 753 1214 dari
771 1177 888 1214 istum
907 1184 1019 1214 tuum
1038 1176 1135 1214 volo.

517 1233 654 1280 Perip.
686 1230 816 1274 Quam
835 1230 884 1267 ad
901 1243 982 1267 rem
1001 1229 1089 1267 usui
1101 1229 1178 1266 'sti'

68 1285 159 1320 Pal.
189 1283 357 1330 Quando
380 1283 543 1331 habebo,
567 1284 685 1335 igitur
710 1283 895 1321 rationem
921 1295 1096 1321 maerum
1119 1282 1179 1320 fa-

222 1337 410 1375 bricarum
430 1337 540 1375 dabo.

65 1390 204 1439 Perip.
234 1390 364 1438 Utere,
384 1391 522 1440 accipe.

418 1445 511 1482 Pal.
537 1443 681 1496 Accipe
699 1457 723 1482 a
740 1456 803 1482 me
821 1455 974 1482 rursum
991 1443 1177 1482 rationem

544 1497 637 1545 doli,
1101 1498 1176 1542 175

63 1550 195 1599 Quam
213 1550 372 1589 institui.

219 1606 353 1642 Pleas.
381 1604 628 1665 Iferpurgatis
646 1605 760 1643 ambo
778 1604 915 1642 damus
933 1604 1004 1643 tibi
1021 1617 1176 1656 operam

63 1711 149 1748 Pal.
179 1711 308 1749 Herus
325 1659 505 1749 iiileliilsnitsa
522 1724 684 1763 magnus
701 1711 875 1750 moechus
893 1712 1102 1750 mulierum
1114 1711 1175 1758 'st,

224 1772 268 1802 ut
285 1764 478 1802 neminem

62 1816 198 1887 Fuisse
215 1816 384 1877 adaeque,
404 1829 528 1869 neque
546 1818 736 1865 futurum,
757 1818 919 1857 credam.

543 1874 682 1922 Perip.
713 1872 836 1910 Credo
854 1884 924 1923 ego
942 1872 1040 1910 istuc
1058 1871 1174 1909 idem.

64 1925 156 1961 Pal
186 1924 324 1973 Itaque
350 1923 565 1962 AJexandri
600 1933 777 1977 pratare
805 1926 983 1977 praedicat
1011 1926 1174 1963 formam

60 2030 198 2082 Itaque
227 1988 371 2066 {uniaiixeis
401 2043 441 2068 se
465 2032 564 2070 ultro
583 2032 716 2071 sectari
744 2033 784 2072 in
803 2032 957 2084 Epheso
984 2038 1172 2070 memorat

221 2082 412 2122 mulieroe.
1096 2085 1172 2121 180
