1435 2400
183 66 234 103 24
493 61 797 104 CURCULIO.
825 63 900 103 1v.
933 65 966 100 1.

446 224 631 263 ACTUS
651 223 726 262 IV.
780 222 963 262 SCENA
984 223 1021 261 Ι.

604 330 870 369 CHORAGUS.

186 437 348 488 Edepol,
380 446 604 488 nugatorem
634 435 806 487 lepidum
837 435 962 487 lepide
995 435 1098 473 hunc
1125 437 1292 475 nactu'st

345 491 602 529 Phaedromus.

187 544 476 595 Halophantam
501 555 550 581 an
575 542 844 594 sycophantam
868 541 970 579 hunc
988 542 1111 593 magis
1136 555 1212 580 esse
1230 541 1289 580 di-

344 610 441 643 cam,
461 597 594 634 nescio.

187 649 436 697 ornamenta,
460 663 546 700 quae
562 649 694 694 locavi,
715 655 843 686 metuo
863 656 907 686 ut
924 648 1065 699 possim
1083 648 1256 700 recipere.

186 704 435 754 Quamquam
465 716 552 740 cum
581 702 672 740 istoc
699 702 794 739 mihi
820 704 948 751 negoti
983 701 1079 739 nihil
1109 710 1187 740 est:
1220 700 1293 752 ipsi

352 756 575 793 Phaedromo

187 809 363 848 Credidi:
393 817 519 847 tamen
537 810 742 847 asservabo.
797 807 885 854 Sed,
906 807 999 845 dum
1026 808 1087 846 hic
1106 807 1293 858 egreditur

347 863 458 909 foras,
1267 864 1292 899 5

188 915 515 961 Commonstrabo,
535 927 611 966 quo
630 915 668 952 in
688 926 878 965 quemque
895 913 1088 952 hominem
1107 914 1216 952 facile
1232 915 1292 952 in-

348 969 505 1007 veniatis
523 969 618 1015 loco,

187 1023 251 1060 Ne
269 1022 386 1059 nimio
405 1035 515 1072 opere
533 1028 658 1059 sumat
676 1032 843 1072 operam,
870 1020 900 1057 si
925 1033 1040 1071 quem
1063 1028 1292 1059 conventum

352 1075 455 1121 velit,

189 1128 264 1166 Vel
285 1128 475 1175 vitiosum,
503 1127 563 1165 vel
591 1127 671 1165 sine
696 1126 817 1173 vitio;
842 1127 902 1164 vel
929 1128 1104 1177 probum,
1133 1127 1193 1165 vel
1220 1127 1296 1166 im-

350 1182 526 1231 probum.

190 1233 271 1277 Qui
303 1235 499 1284 perjurum
531 1233 727 1272 convenire
756 1232 835 1271 volt
865 1232 1073 1281 hominem,
1112 1234 1223 1272 mitto
1252 1233 1294 1272 in

352 1287 572 1332 comitium;
1272 1290 1297 1327 9

193 1339 275 1387 Qui
292 1340 511 1377 mendacem
527 1349 562 1377 et
573 1339 791 1390 gloriosum,
807 1339 910 1388 apud
925 1339 1114 1378 Cloacinae
1129 1353 1290 1378 sacrum.

192 1392 330 1439 Diteis,
351 1393 548 1430 damnosos
566 1393 721 1430 maritos
740 1395 809 1430 sub
829 1391 992 1430 Basilica
1009 1393 1178 1443 quaerito.

190 1446 340 1484 Ibidem
361 1453 470 1483 erunt
486 1454 604 1484 scorta
621 1446 777 1492 exoleta,
799 1445 941 1496 quique
959 1446 1131 1496 stipulari
1149 1447 1269 1485 solent
1282 1462 1294 1486 ι

190 1499 457 1549 symbolarum
477 1500 668 1537 collatores
687 1498 790 1549 apud
810 1498 936 1535 forum
954 1499 1172 1548 piscarium.

189 1552 238 1589 In
257 1552 338 1588 foro
355 1551 487 1589 infimo
505 1552 595 1590 boni
611 1552 783 1589 homines
802 1561 915 1602 atque
932 1551 1027 1590 dites
1045 1554 1256 1592 ambulant.

189 1605 239 1643 In
253 1605 392 1653 medio,
408 1614 559 1656 propter
573 1605 768 1652 Canalem,
783 1605 836 1643 ibi
850 1612 1090 1644 ostentatores
1103 1607 1197 1644 meri
1211 1622 1221 1645 ε
1246 1609 1294 1646 15

191 1657 446 1704 Confidentes,
465 1659 695 1710 garrulique,
717 1666 753 1696 et
771 1658 960 1706 malevoli,
982 1672 1095 1710 supra
1109 1660 1273 1711 Lacum,

191 1711 273 1758 Qui
290 1711 397 1749 alteri
415 1711 462 1750 de
479 1711 598 1749 nihilo
616 1712 791 1750 audacter
808 1712 938 1749 dicunt
956 1713 1238 1762 contumeliam,

191 1764 245 1802 Et
263 1765 330 1815 qui
348 1764 420 1815 ipsi
437 1773 493 1802 sat
511 1765 663 1812 habent,
684 1764 786 1815 quod
803 1765 843 1802 in
859 1777 897 1803 se
915 1765 1033 1816 possit
1050 1779 1135 1804 vere
1153 1767 1279 1806 dicier.

191 1818 272 1857 Sub
295 1818 508 1861 Veteribus,
534 1819 588 1856 ibi
610 1825 697 1856 sunt
716 1818 783 1870 qui
804 1818 910 1866 dant,
937 1819 1078 1870 quique
1104 1819 1295 1871 accipiunt

351 1871 502 1909 foenore.

193 1925 299 1962 Pone
312 1924 490 1972 Castoris,
505 1925 560 1963 ibi
571 1933 670 1968 sunt,
686 1926 809 1964 subito
821 1925 959 1976 quibus
971 1925 1098 1964 credas
1111 1926 1223 1965 male.
1242 1929 1295 1966 20

193 1978 243 2016 In
261 1977 389 2015 Tusco
408 1978 502 2026 vico,
527 1979 581 2017 ibi
603 1988 690 2017 sunt
711 1979 897 2027 homines,
921 1978 987 2030 qui
1008 1979 1081 2030 ipsi
1108 1993 1186 2018 sese
1203 1993 1295 2019 ven-

357 2031 491 2069 ditant.
1249 2044 1252 2045 ’

194 2085 243 2123 In
254 2085 420 2123 Velabro
434 2084 493 2122 vel
509 2084 702 2136 pistorem,
718 2087 778 2124 vel
790 2086 951 2134 lanium,
968 2087 1028 2125 vel
1040 2086 1294 2138 haruspicem,

191 2138 267 2178 Vel
285 2138 352 2190 qui
369 2137 443 2188 ipsi
461 2147 622 2187 vortant,
642 2139 702 2178 vel
720 2140 787 2190 qui
805 2140 901 2185 aliis,
917 2148 961 2179 ut
974 2148 1182 2189 vorsentur,
1203 2155 1300 2192 prae-

352 2192 477 2230 beant.
