1435 2400
502 77 698 117 PERSA.
728 77 786 116 ΙΙ.
815 80 853 117 2.
1149 80 1229 120 329

118 183 244 222 Nihili
262 183 359 223 facio
377 184 481 223 scire.
525 185 679 224 Valaes.

275 238 392 289 Soph.
419 238 558 276 Adsta-

436 294 549 343 Paeg.
573 292 632 330 At
649 305 821 344 propero.

610 347 726 397 Soph.
755 346 810 384 Et
829 346 928 398 (pol)
947 360 1017 399 ego
1035 347 1141 386 item.
1169 348 1221 385 42

115 398 231 447 Paeg.
260 397 413 448 Ecquid
429 398 571 437 habes?

216 452 334 501 Soph.
366 452 520 503 Ecquid
537 459 580 490 tu
594 455 613 491 ,9

384 504 494 555 Poeg.
521 505 635 544 Nihil
653 506 844 557 equidem.

537 560 653 609 Soph.
684 560 788 598 Cedo
804 571 964 597 manum
983 572 1083 611 ergo.

666 615 783 663 Paeg.
810 613 933 651 Estne
949 613 1031 652 haec
1047 626 1185 653 manus
1199 618 1218 654 ,9

107 664 223 714 Soph.
254 663 336 703 Ubi
352 664 420 704 illa
438 666 555 704 altera
572 674 627 704 est
643 666 808 705 furtifica
823 666 922 704 laeva
934 668 952 704 .9

349 720 466 770 Paeg.
495 719 638 758 Domi:
669 732 810 769 eccam,
830 719 906 758 huc
923 719 1072 758 nullam
1090 721 1218 760 attuli.

107 771 223 822 Soph.
254 771 387 811 Habes
404 773 656 824 nescio-quid.

317 827 432 876 Paeg.
459 827 524 866 Ne
540 839 604 865 me
621 834 790 874 attrecta,
806 826 1069 877 subagitanzix.

724 881 842 931 Soph.
871 880 938 918 Sin
958 887 996 918 te
1012 892 1100 918 amo
1114 882 1132 919 ?
1161 882 1213 918 45

102 932 221 981 Paeg.
251 931 359 970 Male
376 945 529 983 operam
546 934 658 972 locas.

315 987 433 1036 Soplz.
463 987 576 1030 Qui?

464 1043 576 1090 Paeg.
605 1040 710 1084 Quia
725 1040 827 1078 enim
846 1039 943 1078 nihil
960 1053 1079 1090 amas,
1091 1054 1211 1092 quom

579 1094 773 1144 ingratum
791 1106 908 1132 amas.

100 1147 217 1197 Soph.
247 1146 432 1197 Tempori
448 1147 548 1185 hanc
564 1147 721 1198 vigilare
745 1155 892 1198 oportet
914 1146 1134 1194 formulam,
1153 1156 1211 1188 at-

258 1213 333 1251 que
352 1201 571 1245 aetatulam;

97 1252 175 1301 Ne,
196 1253 264 1292 ubi
277 1254 435 1304 oepillus
454 1254 660 1305 versipellis
673 1253 753 1299 fiat,
769 1253 866 1292 foede
881 1266 1028 1305 semper
1046 1255 1207 1294 servias:

98 1306 164 1345 Tu
183 1306 340 1358 quidem
357 1307 462 1345 haud
480 1308 595 1345 etiam
614 1319 652 1345 es
666 1308 855 1358 octoginta
871 1308 1010 1358 ponde.

766 1363 878 1411 Paeg.
905 1362 964 1398 At
982 1360 1210 1400 confidenti&

794 1443 807 1462 9

93 1467 229 1519 Atque
247 1481 316 1519 ego
334 1467 433 1506 hanc
450 1480 552 1506 nunc
570 1480 722 1518 operam
741 1468 869 1518 perdo.

361 1523 478 1572 Soplz.
511 1521 618 1565 Quid
632 1523 714 1570 jam
728 1523 746 1559 ,9

626 1577 738 1624 Poeg.
766 1574 871 1623 Quia
888 1575 1018 1626 peritae
1033 1575 1208 1627 praedioo.

95 1627 173 1667 Sed
187 1640 256 1679 ego
273 1641 387 1668 cesso.

255 1684 372 1733 Soph.
401 1682 536 1721 Mane.

414 1736 519 1786 Paeg.
549 1735 717 1774 Molesta
734 1748 784 1774 ὅ.

590 1790 708 1839 Soph.
736 1788 816 1828 Ero
834 1802 1002 1842 quoque,
1021 1789 1095 1829 nisi
1113 1789 1203 1837 scio,

95 1842 187 1890 Quo
201 1855 291 1893 agas
309 1849 359 1881 te.

203 1897 312 1946 Paeg.
337 1895 405 1933 Ad
431 1909 510 1934 vos.

308 1951 423 2000 Soph.
449 1950 504 1988 Et
523 1950 624 2000 (pol)
647 1963 716 2001 ego
734 1950 783 1988 ad
801 1964 880 1989 vos.

413 2004 526 2052 Paeg.
554 2002 661 2050 Quid
680 2003 752 2041 eo?

592 2058 709 2106 Soph.
735 2057 844 2104 Quid
861 2057 901 2095 id
919 2057 969 2095 ad
987 2064 1023 2094 te
1039 2056 1198 2094 attinet.
1187 2057 1205 2081 9

96 2112 200 2160 Paeg.
229 2109 349 2149 Enim
368 2122 444 2149 non
462 2109 535 2148 ibis
555 2121 658 2148 nunc
674 2110 854 2157 vicissim,
872 2110 945 2148 nisi
963 2110 1050 2148 scio.

683 2165 798 2214 Soph.
827 2139 996 2203 &diosus
1015 2175 1070 2201 es.

931 2217 956 2253 2
977 2227 1005 2254 r
1025 2217 1051 2253 3
