1435 2400
498 75 780 115 EPIDICUS.
812 76 884 114 IV.
918 77 951 113 1.
1222 79 1272 123 67

410 237 595 277 ACTUS
624 236 700 275 IV.
756 237 941 275 SCENA
972 237 1008 274 Ι.

400 344 651 383 ΡΗηΙΡΡΑ.
699 344 1022 381 ΡΕιιιΡΗΑΝι-ῑς.

148 452 252 489 Phil.
281 452 323 491 Si
350 451 443 504 quid
460 451 608 489 homini
634 451 886 498 miseriarum,
916 451 1020 501 quod
1046 452 1261 492 miserescat

304 506 432 544 miseri
450 518 498 543 ex
517 504 658 553 animo,
679 511 745 548 est,

144 559 194 598 Id
222 572 292 611 ego
310 559 495 610 experior,
524 558 616 609 quoi
644 558 769 595 multa
795 557 835 594 in
863 569 986 595 unum
1013 558 1142 597 locum
1168 573 1257 600 con-

304 613 444 660 fluunt,
466 624 552 663 quae
569 623 702 649 meum

143 667 282 705 Pectus
309 667 464 718 pulsant
491 664 631 703 simul:
670 665 875 715 multiplex
901 677 1073 703 aerumna
1098 679 1163 706 me
1190 681 1255 706 ex-

302 720 456 758 ercitam
475 718 612 756 habet:
643 725 861 769 paupertas,

141 774 267 812 Pavor
285 773 430 812 territat
447 780 616 810 mentem
635 772 778 817 animi3
809 784 947 823 neque,
968 772 1036 810 ubi
1056 785 1160 813 meas
1179 776 1256 813 col-

300 827 422 865 locem
441 838 540 877 spes,
816 824 819 825 ⁷

141 881 278 920 Habeo
309 892 473 931 usquam
508 879 704 917 munitum
736 879 864 918 locum
880 893 890 916 :
934 879 988 917 ita
1018 889 1135 930 gnata
1166 895 1253 921 mea

299 934 467 972 hosfium
488 933 535 970 ’st
553 933 698 983 potita3
1227 940 1252 974 5

139 988 288 1039 Atque,
309 1000 352 1025 ea
370 998 473 1024 nunc
490 987 558 1024 ubi
576 986 638 1034 sit,
658 986 792 1025 nescio.

449 1039 609 1089 Peripa.
637 1039 737 1087 Quis
757 1040 854 1077 illaec
872 1047 926 1078 est
945 1040 1098 1089 mulier,
1119 1042 1253 1082 timido

139 1094 295 1132 Pectore
312 1105 466 1144 peregre
485 1092 702 1140 adveniens,
722 1106 809 1144 quae
826 1092 909 1142 ipsa
928 1106 966 1131 se
983 1095 1182 1133 miseratur
1196 1100 1213 1134 Ρ

813 1147 918 1183 Phil.
949 1147 999 1183 In
1018 1147 1078 1185 his
1098 1148 1253 1188 dictu’st

138 1200 251 1238 Locis
267 1199 440 1237 habitare
458 1199 555 1236 mihi
575 1198 822 1250 Periphanes.

427 1253 589 1302 Periph.
620 1253 692 1290 Me
710 1252 882 1291 nominat
899 1252 1003 1291 haec:
1034 1255 1144 1293 credo
1163 1269 1247 1307 ego,

135 1307 202 1345 nli
219 1306 386 1358 hospitio
404 1319 496 1344 usus
518 1305 674 1357 [venit.]

561 1361 671 1398 Phil.
702 1360 895 1401 Pervelim
911 1359 1124 1399 mercedem
1143 1361 1246 1411 dare,

135 1414 217 1463 Qui
234 1420 420 1452 monstret
433 1425 522 1451 eum
541 1413 639 1450 mihi
656 1413 865 1461 hominem,
882 1421 949 1451 aut
962 1415 1030 1452 ubi
1047 1413 1204 1454 habitet.

596 1467 762 1517 Periph.
791 1467 949 1511 Noscito
968 1480 1038 1518 ego
1056 1467 1166 1506 hanc.
1198 1470 1248 1508 10

130 1521 238 1561 Nam
262 1520 404 1569 videor,
433 1519 558 1558 nescio
584 1520 667 1567 ubi,
697 1532 761 1558 me
787 1520 926 1558 vidisse
952 1521 1069 1570 prius.
1125 1522 1248 1561 Estne

291 1587 347 1618 ea,
367 1587 416 1612 an
435 1586 511 1612 non

128 1628 216 1677 Est,
235 1640 352 1680 quam
371 1628 523 1666 animus
540 1635 644 1666 retur
661 1640 770 1666 meus
781 1626 799 1663 Ρ

516 1682 627 1719 Phil.
655 1681 725 1719 Dii
743 1681 857 1719 boni!
888 1681 1036 1721 visitavi
1054 1684 1244 1725 antidhac·

127 1735 292 1786 Periph.
315 1735 426 1774 Certe
439 1748 484 1773 ea
495 1742 563 1782 est,
576 1748 694 1786 quam
708 1735 748 1772 in
760 1734 957 1786 Epidauro
971 1738 1244 1787 pauperculam

128 1842 237 1880 Phil.
268 1801 821 1894 Pugnfflcqffiffllgfflgffimffi
834 1842 875 1880 in
886 1843 1083 1894 Epidauro
1094 1845 1241 1896 primus

73 1924 78 1929 ,
285 1894 511 1946 pudicitiam

126 1948 297 2000 Pepulit.

180 2000 471 2093 Perifissssuae
484 2015 570 2042 meo
584 2015 800 2055 compressu
814 2005 959 2058 peperit
974 2005 1106 2055 filiam,
1123 2019 1240 2095 qualn51

126 2110 167 2147 N
169 2121 244 2148 unc
265 2109 399 2148 habeo.
