1435 2400
520 285 1016 337 PROLOGUS.

209 408 379 446 Salutem
397 409 562 460 primum
579 411 658 458 jam
678 423 700 447 a
717 409 899 460 principio
917 408 1118 460 propitiam

211 461 328 508 Mihi,
349 470 461 513 atque
479 464 595 509 vobis,
617 470 851 513 spectatores,
871 463 1016 499 nuntio.

207 513 383 564 Apporto
401 516 505 553 vobis
525 516 706 553 Plautum
725 516 873 565 lingua,
892 527 967 553 non
986 527 1126 553 manu:

208 566 362 614 QuaeSO,
382 576 424 605 ut
443 569 614 619 benignis
632 569 818 618 accipiatis
838 568 1002 606 auribus.

211 619 251 656 N
255 631 327 657 unc
351 630 617 671 argumentum
645 621 810 672 accipite,
839 629 953 672 atque
976 621 1148 658 animum
1173 619 1304 659 advor-

365 674 442 711 tite.
1280 675 1304 709 5

209 724 339 771 Quam
358 734 499 776 potero,
519 726 558 763 in
578 728 689 764 verba
707 726 894 764 conferam
913 726 1165 777 paucissuma.

206 778 338 828 Atque
356 779 426 817 hoc
444 779 563 829 poe‘tae
584 775 727 817 faciunt
745 780 784 816 in
804 780 1006 817 comoediis.

207 830 368 868 omneis
386 845 442 869 res
456 840 577 882 gestas
596 845 672 870 esse
689 832 854 870 Athenis
872 839 1085 879 autumant,

207 883 298 930 Quo
317 884 420 921 vobis
438 885 534 922 illud
553 886 731 923 Graecum
751 885 919 923 videatur
936 885 1070 935 magis.

204 936 292 986 Ego
310 949 499 987 nusquam
517 937 654 983 dicam,
675 938 748 975 nisi
765 938 833 975 ubi
850 938 992 975 factum
1012 937 1158 976 dicitur.
1255 938 1303 976 10

205 989 337 1039 Atque
356 990 447 1027 adeo
465 990 535 1028 hoc
553 997 821 1040 argumentum
842 990 1064 1036 Graecissat3
1098 998 1226 1028 tamen

206 1094 312 1132 Huic
330 1103 551 1145 argumento
568 1095 799 1146 antelogium
817 1095 971 1146 quidem
989 1096 1060 1134 hoc
1078 1095 1164 1136 fuit.

206 1147 325 1185 Nunc
342 1155 609 1197 argumentum
628 1149 732 1186 vobis
749 1149 971 1187 demensum
990 1149 1100 1196 dabo,

206 1200 298 1238 Non
317 1200 457 1247 modio,
477 1213 599 1252 neque
613 1201 801 1249 fflmodio,
817 1214 948 1240 verum
966 1203 1049 1253 ipso
1066 1203 1197 1240 horreo
1208 1216 1220 1240 ε
1253 1202 1301 1240 15

208 1253 335 1291 Tanta
354 1253 403 1291 ad
420 1254 649 1292 narrandum
669 1263 936 1305 argumentum
954 1262 1009 1293 est
1026 1255 1248 1307 benignitas.

259 1307 459 1345 Mercator¹
466 1308 621 1358 quidam
639 1308 713 1346 fuit
729 1308 921 1358 Syracusis
939 1321 1074 1347 senex:

207 1359 259 1397 Ei
277 1367 364 1397 sunt
382 1360 459 1397 nati
478 1361 546 1397 filii
564 1361 705 1411 gemini
723 1361 812 1409 duo,

206 1412 268 1449 Ita
282 1413 405 1450 forma
423 1413 538 1450 simili
555 1414 676 1463 pueri,
696 1414 754 1451 uti
770 1420 890 1451 mater
907 1426 976 1452 sua

204 1465 296 1502 Non
313 1465 517 1503 internosse
535 1474 672 1516 posset,
692 1479 778 1516 quae
794 1479 1005 1504 mammam
1023 1465 1161 1512 dabat;
1253 1469 1305 1505 20

203 1518 341 1568 Neque
359 1518 452 1555 adeo
468 1526 589 1556 mater
605 1519 699 1569 ipsa,
716 1533 801 1569 quae
817 1519 902 1557 illos
919 1526 1133 1570 pepererat3

205 1570 262 1608 Ut
279 1571 433 1621 quidem
450 1571 515 1608 ille
531 1571 628 1608 dixit
645 1572 754 1619 mihi,
773 1572 840 1622 qui
857 1585 991 1622 pueros
1010 1572 1163 1610 viderat.

205 1621 290 1672 Ego
308 1623 391 1660 illos
410 1636 485 1660 non
505 1623 595 1670 vidi,
613 1637 660 1662 ne
679 1625 762 1675 quis
780 1627 945 1662 vostrum
964 1633 1122 1663 censeat.

205 1675 412 1726 Postquam
429 1677 509 1724 jam
526 1677 633 1725 pueri
651 1686 869 1728 septuennes
887 1685 990 1725 sunt,
1009 1686 1115 1727 pater

206 1727 388 1765 Oneravit
405 1741 539 1766 navem
558 1742 737 1779 magnam
754 1729 886 1766 multis
903 1732 1100 1768 mercibus.
1252 1733 1303 1770 25

206 1781 378 1831 Imponit
396 1782 553 1819 alterum
573 1783 766 1832 geminum
786 1783 825 1819 in
844 1795 976 1820 navem
997 1792 1126 1834 patei-3

208 1833 419 1871 Tarentum
439 1835 563 1872 avexit
581 1847 707 1872 secum
726 1835 774 1872 ad
791 1843 999 1873 mercatum
1019 1837 1160 1874 simul:

206 1886 327 1923 Illum
347 1886 499 1937 reliquit
517 1888 677 1925 alterum
696 1888 798 1939 apud
816 1896 972 1925 matrem
993 1889 1108 1927 domi.

208 1939 365 1976 Tarenti
383 1940 464 1977 ludi
482 1941 576 1978 forte
595 1947 712 1988 erant,
734 1953 850 1991 quom
867 1941 957 1979 illuc
975 1942 1078 1980 venit
1089 1956 1101 1980 z

204 1991 389 2030 Mortales
406 1993 531 2041 multi,
551 2000 595 2031 ut
612 1993 660 2030 ad
678 1994 799 2040 ludos,
819 2003 1078 2033 convenerant.
1249 1997 1301 2033 30

208 2044 310 2082 Puer
328 2046 512 2084 aberravit
529 2046 626 2084 inter
642 2046 813 2084 homines
832 2059 854 2084 a
871 2053 987 2097 patre.

207 2097 511 2147 Epidamniensis
529 2099 686 2150 quidam
704 2099 757 2137 ibi
774 2106 955 2137 mercator
971 2100 1066 2139 fuit:

206 2150 248 2188 Is
265 2163 426 2201 puerum
445 2151 556 2201 tollit,
576 2152 775 2204 avehitque
789 2152 1078 2203 Epidamnium.
