1435 2400
162 103 236 141 100·
424 101 813 141 MENAECHMEI.
840 103 916 142 IV.
941 105 980 141 2.

741 211 838 247 Pen.
868 207 974 255 Quin
994 215 1035 245 tu
1053 207 1177 246 tacoe?
1232 207 1257 244 3

161 259 384 306 Manifesto,
402 259 506 307 faxo,
523 262 604 310 jam
623 261 810 312 opprimes
825 276 836 299 ε
867 274 1019 312 sequere
1037 261 1107 299 hac
1124 259 1251 299 modo.

162 313 312 350 Pallam
330 313 379 350 ad
392 313 638 364 phrygionem
657 327 746 351 cum
764 315 899 352 coron'a
918 314 1040 352 ebrius

161 365 334 413 Ferebat,
353 365 464 403 hodie
481 367 549 405 tibi
567 379 683 417 quam
702 367 879 417 surripuit
897 367 1021 404 domo.
1234 366 1259 401 6

160 418 234 456 Sed
253 431 376 456 eccam
395 431 584 465 coronam,
605 432 719 470 quam
739 420 883 457 habuit.
924 420 1032 457 Num
1050 418 1211 457 mentior
1223 418 1241 454 ?

162 471 290 508 Hem!
321 471 391 510 hac
410 472 527 520 abiit3
557 472 587 510 si
606 472 661 509 vis
679 473 850 523 persequi
870 472 1048 521 vestigiis.

158 524 304 574 Atque,
325 525 488 575 (edepol)
508 538 650 571 eccum,
668 534 823 576 optume
841 526 1066 588 revortitur.

161 576 234 614 Sed
253 577 393 627 pallam
412 589 488 615 non
505 578 587 615 fert.

368 632 472 668 ΙΡῙιιῑ.
494 630 601 678 Quid
619 643 687 681 ego
705 643 806 668 nunc
825 643 912 669 cum
930 631 1019 669 illoc
1033 643 1144 681 agam
1157 630 1176 666 Ρ
1207 630 1256 668 10

159 684 257 720 Pen.
286 682 397 721 Idem
416 684 518 735 quod
536 696 707 735 semper;
728 684 826 721 male
844 684 992 721 habeas.

895 739 1002 774 illul.
1031 737 1093 775 Sic
1111 749 1254 776 censeo.

158 789 256 827 Pcn.
284 789 375 827 Huc
393 789 662 828 concedamus:
693 802 739 828 ex
757 789 900 827 insidiis
919 802 1076 840 aucupa.

395 943 580 982 ACTUS
609 944 685 982 IV.
739 945 924 984 SCENA
956 945 1016 984 ΙΙ.

155 1049 465 1087 Mfixfficnmcs
489 1055 703 1099 surreptus.
738 1050 944 1088 Munna.
983 1051 1254 1091 Pssmcunus.

155 1157 266 1192 ssIcn.
297 1155 351 1193 Ut
367 1155 438 1193 hoc
456 1156 599 1193 utimur
617 1168 797 1194 maxume
814 1169 919 1194 more
942 1169 1048 1194 moro

153 1208 392 1259 Molestoque
410 1209 601 1246 multum!
632 1220 746 1261 atque
763 1211 820 1247 uti
838 1210 979 1260 quique
996 1215 1085 1247 sunt

154 1260 318 1310 Optumi
335 1262 522 1309 maxumi,
541 1274 685 1300 morem
703 1263 844 1300 habent
860 1263 985 1301 hunc:

154 1313 331 1352 Clienteis
351 1315 421 1352 sibi
438 1327 567 1353 omnes
585 1316 718 1353 volunt
736 1329 815 1354 esse
832 1317 995 1353 multos:

151 1367 300 1404 Bonine
318 1379 366 1404 an
386 1368 476 1404 mali
496 1368 583 1414 sint,
602 1368 642 1406 id
659 1368 762 1406 haud
781 1369 992 1419 quaeritant.
1226 1371 1251 1405 5

150 1420 228 1457 Res
248 1420 368 1469 magis
386 1420 579 1470 quaeritur,
600 1434 716 1471 quam
733 1422 926 1459 clientium

148 1473 262 1510 Fides
280 1472 521 1522 quojusmodi
537 1474 669 1510 clueat.

148 1526 191 1564 Si
209 1533 262 1563 est
279 1538 420 1575 pauper
439 1532 551 1575 atque
568 1526 671 1563 haud
689 1527 812 1564 malus
815 1539 1010 1576 ,nequam
1027 1526 1210 1564 habetur.
1201 1541 1210 1549 ·

151 1578 193 1615 Si
211 1578 312 1614 dives
331 1577 455 1615 malus
474 1586 541 1625 est,
561 1578 592 1616 is
611 1579 726 1617 cliens
745 1580 847 1629 frugi
864 1580 1036 1617 habetur.

147 1630 228 1677 Qui
246 1642 368 1681 neque
385 1631 485 1680 leges
503 1643 624 1682 neque
638 1645 790 1683 aequum
806 1634 948 1670 bonum
968 1646 1130 1684 usquam
1198 1635 1246 1672 10

148 1683 302 1729 Colunt,
322 1683 497 1721 sollicitos
514 1693 688 1734 patronos
706 1685 857 1723 habent.

148 1735 295 1773 Datum
315 1736 514 1786 denegant,
534 1737 637 1796 quod
654 1738 786 1776 datum
806 1748 885 1784 est3
914 1738 1041 1776 litium

149 1789 273 1836 Pleni,
293 1802 456 1838 rapaces,
482 1790 551 1826 viri
567 1789 821 1828 fraudulenti:

146 1841 228 1888 Qui
245 1850 311 1879 aut
328 1842 466 1879 foenore
483 1850 549 1879 aut
566 1844 737 1892 perjuriis
755 1844 895 1882 habent
912 1857 992 1882 rem

149 1895 317 1932 Partam.
361 1895 476 1932 Mens
495 1903 548 1932 est
565 1896 604 1932 in
624 1897 796 1946 querelis.
1199 1901 1245 1937 15

146 1948 254 1985 Juris
272 1948 340 1985 ubi
358 1947 492 1985 dicitur
510 1948 602 1994 dies,
623 1949 735 1986 simu]

143 2000 316 2038 Patronis
335 2000 492 2038 dicitur.
483 2015 492 2024 ·
524 2001 665 2052 quippe
683 2002 749 2052 qui
766 2015 835 2052 pro
853 2003 927 2041 illis

142 2053 379 2104 Loquantur‚
400 2054 500 2091 male
518 2068 604 2103 quae
621 2055 798 2093 fecerint.
826 2063 894 2094 aut
911 2055 960 2094 ad

139 2107 348 2157 Populum,
368 2112 435 2143 aut
452 2107 493 2143 in
508 2107 605 2155 jure,
624 2114 690 2145 aut
707 2109 756 2146 ad
770 2109 937 2159 judicem
954 2122 1012 2148 res
1026 2116 1092 2149 est.

135 2159 241 2198 Sicut
258 2171 320 2198 me
338 2158 451 2197 hodie
468 2159 581 2199 nimis
600 2161 800 2201 sollicitum
816 2162 930 2201 cliens
1188 2164 1242 2202 20
