1435 2400
201 85 250 128 76
532 85 810 124 EPIDICUS.
837 84 888 123 V.
917 86 955 122 2.

200 189 368 240 Quaqua
397 190 530 240 tangit,
565 203 677 229 omne
711 191 904 229 amburit:
947 189 978 228 si
1013 201 1130 240 prope
1158 190 1294 238 adstas,

357 249 449 280 aestu
468 243 646 281 calefacit.

200 297 317 344 Epid.
345 295 556 334 Duodecim
575 297 668 334 Deis
689 297 777 348 plus
799 309 915 348 quam
935 296 975 334 in
1000 296 1090 334 coelo
1113 302 1168 334 est
1191 296 1295 333 Deo-

355 360 439 385 rum
459 348 747 398 immortalium,
1244 348 1294 386 1⁰

198 399 302 438 Mihi
320 413 420 438 nunc
438 402 579 439 auxilio
591 378 779 451 adjutor'oe
790 410 892 449 sunt,
908 409 945 440 et
955 414 1102 440 mecum
1117 401 1295 438 militant.

200 452 397 505 Quidquid
429 467 498 504 ego
527 455 710 503 malefeci,
749 455 890 493 auxilia
921 454 1014 492 mihi
1048 462 1084 492 et
1112 453 1297 504 suppetiae

354 515 441 543 sunt
459 507 574 545 domi.

198 565 388 597 Απολακτι
393 559 464 602 ζω
453 560 623 598 mimicos
641 561 797 599 omneis.

492 614 655 662 Periph.
682 613 759 651 Ubi
777 614 887 651 illum
906 625 1073 664 quaeram
1092 612 1262 663 gentium
1276 613 1296 648 Ρ

198 664 328 714 Apoec.
358 664 467 702 Dum
495 666 573 704 sine
599 679 661 704 me
688 679 845 717 quaeras,
874 679 1031 717 quaeras,
1059 666 1146 703 mea
1170 678 1297 712 causa,

356 718 414 755 vel
432 718 584 756 medio
573 730 612 755 m
632 719 739 756 mari.

200 771 317 819 Epid.
346 770 452 816 Quid
470 784 532 809 me
559 772 725 822 quaeris?
754 771 847 823 quid
869 772 1048 810 laboras?
1077 771 1170 823 quid
1193 771 1298 808 hunc

357 823 557 862 sollicitas?
587 837 667 862 ecce
684 837 759 862 me.
1247 823 1297 860 15

199 875 308 914 Num
334 882 370 913 te
393 876 475 927 fugi
492 879 510 915 ἲ
537 890 633 914 num
657 880 704 916 ab
732 877 845 916 domo
870 878 1038 916 absum?
1067 890 1161 915 num
1180 876 1298 915 oculis

355 929 515 967 concessi
533 930 638 968 tuis?

198 980 281 1018 Nec
300 981 367 1019 tibi
386 982 569 1032 supplico.
609 983 762 1021 Vincite
779 983 834 1021 vis
848 985 866 1021 ἒ
894 983 982 1020 hem
999 983 1008 1020 !
1041 982 1194 1021 ostendo
1211 994 1296 1019 ma-

356 1046 440 1072 nus.

195 1086 260 1124 Tu
274 1086 390 1124 habes
410 1088 511 1124 lora:
543 1100 610 1138 ego
629 1094 664 1125 te
685 1100 806 1126 emere
828 1087 917 1126 vidi.
960 1087 1067 1134 Quid
1093 1099 1195 1125 nunc
1220 1100 1297 1126 ces-

353 1140 438 1177 sas?
467 1140 611 1190 colliga.

197 1193 359 1241 Periph.
388 1192 520 1230 Ilicet:
551 1193 809 1231 vadimonium
826 1194 926 1231 ultro
944 1193 1040 1230 mihi
1058 1193 1119 1231 hic
1137 1193 1237 1231 facit.

830 1247 948 1295 Epid.
977 1246 1083 1293 Quin
1108 1246 1261 1297 colligas
1274 1246 1293 1282 ἲ

197 1299 357 1348 Periph.
388 1297 550 1349 Edepol,
571 1299 818 1350 mancupium
837 1299 1058 1337 scelestum!

574 1353 693 1400 Epid.
724 1353 783 1390 Te
800 1352 976 1402 profecto,
995 1350 1211 1402 Apoecides,
1240 1353 1294 1389 20

194 1404 306 1442 Nihil
324 1416 447 1441 moror
464 1403 559 1441 mihi
577 1412 820 1454 precatorem.

657 1458 695 1494 A
692 1470 786 1506 poec.
812 1456 939 1495 Facile
957 1468 1101 1505 exoras,
1120 1456 1292 1507 Epidice.

195 1510 312 1560 Epid.
343 1508 456 1547 Eho!
487 1508 580 1559 quid
599 1509 710 1559 agis?

309 1562 473 1611 Periph.
504 1561 632 1599 Tuon'
656 1562 870 1600 arbitratu?

404 1615 521 1663 Epid.
542 1614 636 1652 Meo
653 1615 821 1664 (hercle)
838 1627 938 1663 vero,
957 1622 1071 1666 atque
1087 1615 1191 1654 haud
1210 1624 1290 1666 tuo,

193 1667 426 1719 Colligandae
443 1667 504 1705 hae
522 1675 610 1705 sunt
628 1667 697 1705 tibi
715 1667 838 1706 hodie.

632 1721 792 1770 Periph.
821 1721 879 1759 At
898 1733 972 1759 non
991 1721 1108 1759 lubet.

852 1775 971 1823 Epid.
1000 1774 1092 1811 Non
1110 1774 1293 1835 colligas?

193 1827 355 1878 Periph.
383 1826 441 1864 At
454 1825 550 1864 mihi
566 1826 687 1877 magis
704 1826 810 1865 lubet
828 1828 994 1865 solutum
1012 1834 1048 1864 te
1066 1827 1237 1888 rogitare:

852 1881 969 1929 Epid.
998 1880 1057 1917 At
1074 1880 1169 1917 nihil
1188 1881 1291 1919 scies.

191 1934 322 1983 Apoec.
364 1933 575 1983 Tragulam
605 1932 646 1969 in
678 1940 714 1970 te
741 1932 892 1982 injicere
920 1932 1103 1970 adornat:
1146 1934 1289 1971 nescio-

348 1998 465 2035 quam
482 1985 662 2023 fabricam
680 1984 781 2023 facit.
1233 1988 1286 2023 25

192 2039 311 2089 Epid.
337 2038 429 2075 Tibi
455 2050 602 2075 moram
627 2037 731 2084 facis,
761 2051 876 2089 quom
905 2050 974 2090 ego
1000 2039 1144 2077 solutus
1170 2038 1291 2076 adsto.

348 2090 496 2140 Alliga‚
513 2091 696 2141 inquam3
726 2091 870 2142 colliga.

193 2144 355 2194 Periph.
383 2143 488 2187 Quid
505 2156 575 2194 ago
591 2145 610 2181 Ρ
