1435 2400
192 69 244 107 28
511 69 817 111 CURCULIO·
845 69 924 109 1v.
949 70 988 108 3.

196 176 293 225 Lyc.
318 174 402 215 Nec
418 183 462 215 tu
480 188 542 216 me
555 177 711 229 quidem
732 189 906 229 unquam
927 175 1090 227 subiges‚
1108 173 1297 214 redditum

356 236 399 267 ut
417 230 572 269 reddam
590 231 685 277 tibi;
1271 228 1296 265 8

195 282 237 320 N
240 294 279 321 ec
299 282 455 321 daturus
473 296 572 322 sum.

323 337 436 374 Ther.
466 337 575 375 Idem
595 350 663 388 ego
679 337 775 376 istuc
793 348 910 388 quom
929 334 1142 384 credebam,
1161 333 1302 373 credidi

205 387 265 426 Te
287 389 383 426 nihil
400 403 479 428 esse
496 390 743 429 redditurum.

503 445 600 493 Lyc.
628 444 706 482 Cur
724 455 825 482 nunc
843 455 866 480 a
882 455 944 481 me
962 441 1077 493 igitur
1093 441 1216 493 petis?
1249 441 1299 480 10

202 495 316 532 Ther.
346 495 448 534 Scire
465 497 550 535 volo
568 497 658 548 quoi
675 497 879 535 reddidisti.

798 551 896 599 Lyc.
927 549 1051 587 Lusco
1069 548 1203 586 liberto
1219 553 1301 585 tuo.

196 599 237 638 Is
257 602 510 639 Summanum
529 614 569 640 se
586 602 709 640 vocari
727 602 844 640 dixit:
877 602 924 640 eii
942 601 1101 649 reddidi,

195 653 277 701 Qui
295 654 362 693 has
380 655 534 693 tabellas
548 655 760 706 obsignatas
777 655 918 693 attulit.

694 709 806 745 Ther.
836 708 944 756 Quas
963 715 1005 745 tu
1023 706 1119 744 mihi
1138 706 1300 754 tabulas,

195 759 303 807 Quos
323 768 365 799 tu
383 761 478 799 mihi
494 762 615 800 luscos
632 761 798 809 libertos,
818 773 913 812 quos
938 761 1182 808 Summanos,
1202 771 1303 797 som-

356 815 436 852 nias
447 814 465 850 ’ἒ

196 866 237 904 N
240 879 280 904 ec
297 867 393 905 mihi
411 867 566 919 quidem
583 867 739 906 libertus
756 865 902 904 ullu'st.

748 922 845 970 Lyca
873 918 981 957 Facis
1000 918 1218 970 sapientius,
1250 919 1298 956 15

196 971 327 1019 Quam
356 977 442 1024 par's
470 973 676 1021 latronum,
708 972 861 1011 libertos
888 972 956 1023 qui
986 971 1146 1021 habent,
1176 978 1214 1010 et
1239 983 1303 1010 eos

356 1026 541 1064 deserunt.

203 1079 319 1116 Ther.
350 1079 456 1126 Quid
474 1078 620 1117 fecisti?

337 1133 433 1181 Lyc.
466 1132 582 1179 Quod
601 1129 802 1179 mandasti,
821 1131 893 1170 feci
912 1132 967 1170 tui
984 1130 1136 1169 honoris
1155 1130 1300 1181 grati'a3

199 1184 332 1222 Tuum
364 1185 431 1236 qui
459 1186 612 1236 signum
641 1185 689 1223 ad
719 1197 783 1223 me
812 1185 1014 1232 attulisset,
1046 1184 1226 1222 nuntium
1255 1195 1304 1222 ne

357 1250 583 1288 spernerem.

205 1292 320 1329 Ther.
349 1291 506 1329 Stultior
525 1291 639 1329 stulto
657 1290 775 1337 fuisti,
795 1290 862 1341 qui
880 1290 925 1328 iis
943 1290 1090 1328 tabellis
1109 1289 1283 1329 crederes.

199 1346 295 1393 Lyc.
324 1344 425 1391 Quis
452 1357 508 1381 res
534 1343 686 1395 publica
703 1351 740 1381 et
763 1344 910 1394 privata
933 1343 1089 1393 geritur,
1115 1355 1240 1382 nonne
1257 1343 1304 1381 iis

358 1396 544 1434 crederem
561 1399 579 1434 Ρ
1247 1398 1300 1434 20

198 1449 284 1499 Ego
299 1451 401 1487 abeo.
459 1449 550 1487 Tibi
568 1462 625 1487 res
644 1449 766 1487 soluta
783 1449 832 1487 ’st
849 1456 957 1487 recte.
1009 1449 1192 1496 Bellator,
1208 1449 1305 1487 vale.

206 1504 319 1541 Ther.
349 1502 455 1550 Quid
473 1502 618 1540 valeam
633 1504 650 1540 Ρ

517 1557 613 1604 Lyc.
641 1554 699 1592 At
716 1561 759 1592 tu
779 1563 931 1605 aegrota,
951 1555 981 1592 si
999 1555 1120 1603 lubet,
1140 1568 1208 1606 per
1226 1568 1303 1603 me,

633 1615 780 1645 aetatem
799 1608 964 1658 quidem.

205 1662 318 1700 Ther.
338 1661 445 1709 Quid
464 1674 532 1712 ego
545 1673 646 1699 nunc
664 1661 827 1698 faciam?
856 1661 949 1712 quid
967 1660 1078 1698 refert
1095 1674 1158 1699 me
1175 1661 1304 1700 fecisse

359 1715 524 1765 regibus,

200 1769 258 1806 Ut
293 1769 388 1806 mihi
423 1767 629 1816 obedirent,
666 1768 699 1807 si
731 1767 793 1806 hic
827 1779 890 1804 me
920 1766 1033 1805 hodie
1070 1768 1301 1806 umbraticus

360 1820 528 1859 deriserit
545 1823 562 1859 ,⁹
