1435 2400
501 61 698 100 PERSA.
730 62 765 99 I.
794 63 835 100 3.
1147 62 1228 100 323

739 170 836 207 Tor.
864 168 952 207 Vah
968 169 978 205 Σ
1009 169 1145 219 rogas?
1174 170 1226 213 27

110 224 191 260 Sat.
220 221 330 273 Sapis
350 221 519 259 multum
537 221 587 259 ad
606 222 789 260 Genium.

524 277 620 313 Tox.
650 275 725 314 Sed
743 276 878 327 ecquid
897 275 1118 323 meministi,
1137 276 1226 313 here

111 327 203 375 Qua
222 327 270 365 de
286 342 327 367 re
345 341 415 380 ego
432 336 558 367 tecum
576 328 808 367 mentionem
823 329 1014 367 feceram?

111 384 197 420 Sat.
224 381 394 420 Memini
409 397 418 420 ε
450 390 495 420 ut
512 395 683 420 muraena
703 390 739 420 et
756 395 893 433 conger
910 396 958 420 ne
976 381 1188 421 calefierent
1200 396 1212 419 :

110 435 217 472 Nam
235 435 355 473 nimio
372 435 510 473 melius
528 444 780 486 oppectuntur
797 436 946 486 fi-igida.
1172 436 1220 473 31

109 488 185 526 sed
203 489 298 539 quid
316 501 505 527 cassamus
522 489 700 540 proelium
719 489 979 527 committere?

108 540 219 578 Dum
237 554 351 580 mane
369 543 430 589 'st,
450 542 595 580 omneis
612 555 691 580 esse
709 543 900 580 mortaleis
918 542 1035 581 decet·

117 596 214 632 Tox.
244 596 374 634 Nimis
392 607 500 647 paeue
519 608 632 634 mane
651 596 708 633 ’st.

608 651 693 687 Sat.
720 648 842 686 Mane
859 649 964 700 quod
980 655 1024 686 tu
1039 648 1226 700 occeperis

108 701 321 753 Negotium
340 715 464 753 agere,
484 703 524 740 id
541 710 666 740 totum
683 702 851 752 procedit
869 703 984 740 diem.
1172 703 1224 739 35

114 756 210 793 Tox.
239 755 394 803 Qum,
415 756 590 794 animum
608 755 786 794 advorte:
817 755 889 794 hoc
907 756 1011 794 enim
1036 756 1121 805 Jam
1135 755 1226 794 here

269 809 420 848 narravi
436 810 532 855 tibi;

107 862 333 914 Tecumque
350 863 467 909 oravi,
486 871 530 901 ut
547 875 728 901 nummos
745 872 939 902 sexcentos
955 863 1054 902 mihi

92 916 232 957 *Dares
252 916 414 955 utendos
431 924 601 955 mutuos.

552 972 635 1008 Sat.
663 969 833 1008 Memini
850 978 887 1008 et
904 970 994 1017 scio,

107 1023 164 1061 Et
180 1030 218 1061 te
234 1036 298 1061 me
315 1035 434 1070 orare,
454 1031 490 1061 et
508 1023 606 1060 mihi
622 1035 699 1060 non
718 1035 796 1060 esse
815 1023 918 1073 quod
936 1023 1079 1061 darem.

109 1076 235 1114 Nihili
252 1077 438 1127 parasitus
456 1084 524 1121 est,
545 1076 635 1127 quoi
653 1084 853 1126 argentum
872 1076 978 1113 domi
996 1078 1054 1115 'st-
1171 1077 1226 1116 40

110 1129 266 1168 Lubido
284 1130 476 1180 extemplo
494 1142 636 1180 coepere
654 1129 702 1166 ’st
718 1129 948 1173 convivium,

109 1183 366 1221 Tuburcinari
383 1182 430 1221 de
450 1195 531 1229 suc,
552 1182 584 1220 si
602 1181 696 1233 quid
714 1181 844 1219 domi’
846 1190 891 1220 st.

109 1235 253 1287 Cynica
270 1249 350 1274 esse
367 1249 388 1274 e
405 1244 517 1287 gente
535 1243 682 1287 oportet
698 1235 905 1286 parasitum
924 1239 1069 1286 probe.

105 1290 354 1341 Ampullam‚
374 1289 573 1340 strigilem,
593 1288 803 1340 scaphium,
825 1301 962 1335 soccos,
981 1291 1158 1342 panium,

65 1371 68 1374 «
109 1343 355 1394 Marsupium
373 1343 535 1387 habeat;
563 1342 660 1380 inibi
678 1342 853 1392 paullum
870 1344 1036 1394 praesidi,
1170 1345 1222 1381 45

108 1396 192 1443 Qui
211 1396 439 1434 familiarem
458 1409 567 1434 suam
587 1395 704 1433 vitam
723 1395 884 1434 oblectet
903 1397 1028 1435 modo.

115 1451 214 1488 Tos-
239 1450 268 1487 J
271 1462 335 1487 am
353 1450 442 1487 nolo
459 1456 684 1500 argentum3
714 1448 835 1486 filiam
850 1451 1034 1488 utendam
1051 1458 1160 1489 tuam

110 1503 215 1541 Mihi
232 1503 293 1540 da.

225 1558 308 1595 Sat.
338 1557 552 1607 Nunquam
572 1556 739 1606 (edepol)
757 1557 966 1608 quoiquam
983 1558 1099 1596 etiam
1114 1563 1226 1596 uten-

386 1610 477 1648 dam
495 1609 595 1647 dedi.

114 1665 209 1701 Tox.
238 1664 331 1702 Non
349 1663 398 1702 ad
415 1664 522 1711 istoc,
542 1663 646 1714 quod
664 1671 706 1700 tu
725 1663 951 1705 insimulas..

690 1719 774 1756 Sat.
803 1717 911 1764 Quid
930 1731 1014 1757 eam
1031 1718 1117 1756 vis?

989 1773 1080 1809 Tooe.
1108 1772 1228 1813 Scies.

105 1823 211 1872 Quia
229 1823 353 1862 forma
370 1823 501 1873 lepida
521 1830 559 1862 et
576 1823 724 1862 liberali
743 1824 804 1862 ’st.

750 1880 835 1917 Sat.
864 1879 944 1917 Res
959 1879 1014 1917 ita
1032 1878 1093 1917 'st.
1172 1879 1225 1914 50

112 1932 207 1968 Tor.
240 1930 318 1969 Hic
334 1929 422 1968 leno
441 1942 567 1981 neque
585 1937 624 1969 te
643 1932 764 1979 novit,
784 1944 909 1983 neque
927 1940 1084 1982 gnatam
1103 1940 1227 1969 tuam.

107 1987 192 2024 Sat.
221 1984 293 2022 Me
311 1992 354 2021 ut
372 1983 579 2034 quisquam
596 1984 712 2033 norit,
730 1985 804 2023 nisi
819 1985 899 2033 ille,
919 1985 987 2036 qui
1011 1986 1152 2037 praebet
1170 1983 1226 2022 ci

269 2037 396 2075 bum?

115 2092 212 2129 Toae.
241 2090 332 2129 Ita'
334 2097 380 2128 st.
428 2090 516 2128 Hoc
534 2097 577 2128 tu
594 2090 693 2129 mihi
709 2092 870 2144 reperire
887 2099 1087 2143 argentum
1107 2096 1229 2140 potes.

111 2146 197 2182 Sat.
226 2143 368 2196 Cupio,
388 2143 524 2181 hercle.
