1435 2400
267 71 345 108 266
535 67 967 110 MOSTELLARIA.
998 67 1033 106 Ι.
1064 70 1103 106 2.

267 175 317 215 Id
333 175 452 228 reperi
467 177 549 226 jam
568 177 799 228 exemplum.
1339 176 1373 220 ⁴7

267 231 467 268 Novarum
482 230 623 268 aedium
637 243 714 268 esse
732 229 890 267 arbitror
903 228 1068 267 similem
1082 241 1152 279 ego
1165 226 1374 275 hominem,

270 283 437 331 Quando
455 283 517 322 hic
534 292 646 321 natus
664 291 731 321 est.
787 282 839 320 Ei
857 283 910 320 rei
929 290 1154 332 argumenta
1171 281 1307 320 dicam.

268 337 402 388 Atque
419 337 490 374 hoc
507 336 610 374 haud
629 335 775 375 videtur
794 335 996 373 verisimile
1014 335 1120 374 vobis
1136 349 1147 374 ε
1325 335 1376 373 10

269 390 329 428 At
346 402 415 441 ego
433 390 473 427 id
490 389 627 428 faciam
645 403 722 428 esse
740 389 793 426 ita
811 396 855 426 ut
873 388 1042 427 credatis.

270 443 444 481 Profecto
462 443 514 480 ita
533 456 624 489 esse,
645 450 688 481 ut
707 442 882 493 praedico,
903 455 989 480 vero
1007 441 1170 480 vincam.

268 497 405 547 Atque
422 496 494 534 hoc
512 504 656 534 vosmet
675 496 762 547 ipsi,
783 496 897 545 (scio)

272 549 436 587 Proinde
453 549 511 586 uti
529 561 630 587 nunc
649 562 719 600 ego
739 562 815 586 esse
833 556 1006 594 autumo,
1027 547 1180 598 quando

272 602 387 641 Dicta
405 602 564 640 audietis
582 615 681 650 mea,
700 601 805 640 haud
823 602 929 639 aliter
947 601 987 639 id
1006 601 1147 642 dicetis.
1330 601 1379 638 15

272 656 513 701 Auscultate,
533 664 755 706 argumenta
773 655 867 693 dum
887 655 969 692 dico
988 654 1037 693 ad
1051 654 1148 692 hanc
1167 667 1248 693 rem
1261 667 1273 691 ε

273 709 399 748 Simul
417 721 596 760 gnarures
614 723 679 747 vos
697 709 781 747 volo
799 721 877 746 esse
895 708 993 746 hanc
1011 720 1091 745 rem
1109 721 1274 746 mecum.

273 762 394 800 AEdes
414 775 530 813 quom
550 762 742 813 extemplo
762 769 850 800 sunt
868 768 1022 813 paratae,
1043 761 1235 812 expolitae,

273 815 399 854 Factae
417 817 547 866 probe,
568 815 814 861 examussim,

274 868 456 907 Laudant
473 869 640 916 fabrum,
661 876 775 919 atque
794 867 904 906 aedeis
923 869 1098 918 probant.
1330 869 1384 906 20

276 921 372 959 Inde
391 920 612 972 exemplum
630 929 814 972 expetunt
831 920 902 958 sibi
920 921 1080 972 quisque
1098 921 1234 970 simile,

275 975 356 1014 Suo
374 988 494 1025 usque
513 981 666 1012 sumtu:
697 987 819 1025 operae
837 985 884 1011 ne
902 981 1063 1024 parcunt
1080 987 1170 1012 suae.

275 1028 423 1078 Atque,
439 1028 506 1065 ubi
519 1027 585 1064 ino
597 1026 791 1077 immigrat
805 1039 970 1077 nequam
983 1026 1098 1065 homo
1110 1027 1388 1080 indiligensque

277 1080 378 1118 Cum
398 1081 507 1131 pigra
525 1079 687 1127 familia,
707 1079 946 1127 immundus,
965 1079 1198 1131 instrenuus,

277 1133 357 1172 Hic
373 1135 454 1183 jam
475 1133 617 1171 aedibus
636 1133 772 1171 vitium
792 1132 958 1179 additur,
1333 1137 1385 1174 25

276 1186 397 1225 Bonae
416 1200 534 1238 quom
553 1194 731 1224 curantur
748 1186 860 1224 male.

277 1240 412 1292 Atque
429 1240 526 1278 illud
546 1253 644 1290 saepe
662 1240 729 1285 fit;
759 1246 960 1290 tempestas
979 1240 1094 1289 venit,

279 1293 495 1344 Confringit
513 1294 674 1344 tegulas,
693 1293 967 1343 irnbricesque:
997 1292 1051 1331 ibi

279 1346 472 1385 Dominus
490 1347 693 1397 indiligens
712 1346 864 1384 reddere
883 1345 975 1384 alias
993 1348 1132 1386 nevolt.

279 1399 398 1438 Venit
415 1401 561 1444 imber3
591 1400 684 1438 lavit
701 1399 888 1451 parietes;
918 1400 1125 1450 perpluunt
1337 1404 1391 1442 30

282 1452 434 1504 Tigna;
462 1453 664 1504 putrefacit
681 1458 745 1491 ae’r
763 1465 916 1504 operam
935 1452 1057 1490 fabri:

281 1506 323 1544 N
326 1507 455 1557 equior
473 1507 593 1545 factus
608 1507 690 1555 jam
706 1513 761 1544 est
779 1518 872 1543 usus
891 1505 1030 1543 aedium
1045 1520 1056 1543 z

280 1559 415 1610 Atque
432 1559 536 1597 haud
555 1567 609 1597 est
627 1560 725 1597 fabri
743 1559 866 1609 culpa.
922 1558 997 1596 Sed
1015 1572 1156 1610 magna
1173 1575 1259 1613 pars

282 1612 440 1650 BIoram
471 1613 570 1650 hane
601 1612 851 1659 induxerunt,
884 1611 918 1648 si
946 1612 1040 1662 quid
1071 1625 1232 1654 nummo
1264 1617 1392 1656 sarciri

470 1672 578 1712 otest,

282 1717 417 1768 Usque
435 1679 632 1756 111³]antant:
663 1730 785 1769 neque
803 1717 843 1754 id
861 1717 1019 1764 faciunt,
1039 1719 1216 1758 donicum
1338 1725 1393 1763 35

284 1771 452 1809 Parietes
467 1779 607 1808 ruunt:
639 1771 870 1809 aedificantur
889 1772 985 1810 aedes
1004 1780 1092 1810 totae
1111 1773 1249 1814 denuo.

285 1823 382 1861 Haec
401 1831 625 1875 argumenta
643 1837 713 1874 ego
733 1823 897 1862 aedificiis
917 1825 1022 1863 dixi:
1053 1834 1157 1864 nunc
1175 1829 1290 1868 etiam
1307 1831 1394 1870 volo

284 1875 437 1924 Dicere,
458 1885 502 1915 ut
520 1877 692 1915 homines
711 1877 852 1916 aedium
871 1890 949 1916 esse
968 1879 1124 1918 simileis
1143 1882 1392 1923 arbitremini.

285 1930 463 1968 Primum
483 1931 577 1968 dum
595 1939 767 1982 parentes
785 1930 883 1968 fabri
899 1932 1063 1971 liberum
1080 1939 1184 1983 sunt,

284 1983 340 2021 Et
357 1983 651 2022 fundamentum
667 1984 874 2023 liberorum
892 1987 1141 2033 substruunt3
1341 1989 1394 2028 40

285 2036 515 2083 Extollunt3
544 2045 681 2088 parant
696 2038 828 2077 sedulo
848 2037 888 2077 in
906 2039 1140 2087 finnitaoem‚

285 2089 343 2128 Ut
361 2097 398 2128 et
416 2090 455 2128 in
474 2103 589 2129 usum
606 2091 712 2138 boni,
730 2099 769 2130 et
786 2091 827 2129 in
846 2092 1008 2143 speeiem
1027 2094 1171 2145 populo

286 2142 394 2181 Sint:
425 2143 571 2196 sibique
588 2151 655 2182 aut
672 2144 839 2183 materiae
857 2158 906 2184 ne
923 2154 1095 2197 parcunt.
