1435 2400
198 79 249 115 46
553 82 833 123 EPIDICUS.
862 84 896 122 I.
925 85 961 121 2.

196 185 277 224 Sibi
294 186 382 224 data
401 199 479 226 esse
497 190 623 235 verba,
645 189 758 239 virgis
776 189 930 228 dorsum
949 189 1112 240 depoliet
1129 200 1270 226 meum.

195 239 254 276 At
273 240 373 277 enim
393 247 434 278 tu
452 253 631 292 praecave.
663 242 775 280 Nihil
788 250 843 281 est
860 243 979 281 istuc:
1000 243 1113 293 plane
1131 241 1201 279 hoc
1221 253 1301 278 cor·

358 301 514 344 ruptum
530 295 576 332 'st
592 303 719 345 caput.
1250 294 1302 331 86

198 345 240 383 N
241 347 511 450 equanllogglin?
530 360 582 396 es,
607 348 792 398 Epidice:
822 349 892 401 qui
913 349 982 388 tibi
999 347 1117 387 libido
1135 347 1184 385 'st
1204 346 1304 384 male

198 450 303 499 Quia
321 459 400 490 tute
419 461 454 490 te
472 453 620 492 deseris.
649 454 756 501 Quid
774 454 941 493 faciam?
971 454 1081 492 Men'
1101 461 1144 492 tu
1163 464 1273 503 rogas
1286 453 1305 492 ἓ

197 504 262 541 Tu
282 505 436 555 quidem
455 507 613 545 antehac
624 507 706 545 aliis
725 507 868 546 solebas
880 507 968 546 dare
986 507 1142 546 consilia
1154 513 1311 544 mutua.

197 556 336 605 Quid?
365 559 458 610 quid
473 562 488 598 Ρ
509 560 656 611 Aliqua
674 561 942 611 reperiundum
958 561 1016 599 'st-
1047 559 1122 599 Sed
1140 571 1209 610 ego
1228 571 1306 596 cffi-

360 624 401 649 so
414 612 467 650 ire
485 613 636 651 obviam
1253 613 1306 650 90

199 663 454 713 Adolescenti,
481 674 538 713 ut,
563 666 656 718 quid
679 667 808 718 negoti
830 668 890 716 sit,
918 667 1033 706 sciam
1047 669 1065 706 ἓ
1093 673 1208 717 atque
1229 665 1308 716 ipse

359 718 436 756 illic
455 727 520 757 est·

200 770 337 808 Tristis
355 780 421 809 est.
461 772 562 810 Cum
581 773 798 812 Chaeribulo
816 773 955 811 incedit
973 773 1110 824 aequali
1129 784 1208 810 suo.

202 823 294 861 Huc
312 825 528 873 concedam,
549 827 755 865 orationem
773 826 875 864 unde
895 827 1034 865 horum
1059 825 1205 877 placide
1222 835 1307 874 per-

362 890 510 929 sequar.

466 1038 650 1078 ACTUS
678 1040 714 1078 1.
768 1039 953 1078 SCENA
983 1038 1044 1076 ΙΙ.

241 1143 634 1182 STRATu’POCLES.
674 1144 1001 1183 CHAERIBULUS.
1039 1144 1278 1182 Emmcus.

205 1250 330 1288 strat.
358 1249 459 1288 Rem
477 1251 547 1289 tibi
573 1264 659 1289 sum
686 1251 855 1289 elocutus
878 1263 1047 1298 omnem,
1071 1249 1311 1296 Chaeribule3

364 1311 478 1354 atque
496 1305 704 1343 admodum

205 1356 608 1447 Meommgnoerorum
627 1364 741 1408 atque
759 1369 933 1396 amorum
948 1368 1140 1395 summam
1155 1355 1317 1394 edictavi

366 1417 395 1446 t1
424 1423 450 1446 1.

209 1463 342 1501 Chaer.
371 1463 516 1501 Praeter
536 1470 684 1501 aetatem
706 1470 743 1500 et
764 1463 943 1501 virtutem
969 1463 1107 1501 stultus
1129 1475 1181 1511 es,
1209 1462 1313 1501 Stra-

364 1516 557 1567 tippocles.

206 1568 304 1606 Idne
330 1570 448 1659 pzdet
475 1577 526 1617 te,
571 1570 661 1620 quia
691 1569 893 1620 captivam,
926 1581 1061 1620 genere
1089 1575 1315 1621 prognatam

395 1635 467 1660 ono

207 1675 256 1713 In
275 1674 404 1736 praeda
422 1650 665 1765 esp’mercatus
679 1678 697 1714 ⁴?
725 1675 826 1723 Quis
840 1675 923 1725 erit,
943 1676 1036 1714 vitio
1049 1675 1117 1727 qui
1132 1675 1175 1713 id
1193 1682 1317 1765 vortag

368 1730 438 1767 t1bi

208 1783 333 1820 Strat.
366 1782 447 1829 Qui
465 1782 648 1831 invident,
669 1781 813 1820 omneis
835 1781 1006 1820 inimicos
1023 1783 1080 1820 mi
1102 1782 1194 1820 istoc
1217 1781 1316 1820 facto

370 1847 409 1873 re
438 1848 517 1873 eri:

208 1888 268 1926 At
281 1849 475 1937 pudieigae
487 1890 567 1938 ejus
581 1901 779 1940 nunquam
791 1899 860 1926 nec
870 1888 948 1926 vim
961 1900 1029 1926 nec
1041 1888 1177 1926 vitium
1191 1887 1318 1926 attuli.

213 1943 343 1980 Chaer.
371 1942 399 1980 J
402 1955 463 1980 am
494 1942 586 1981 istoc
617 1944 767 1993 probior
791 1953 844 1989 eS,
875 1954 961 1979 meo
990 1941 1146 1992 quidem
1173 1941 1314 1989 animo,

367 2008 484 2045 quom
503 1996 542 2032 in
561 2009 689 2034 amore
705 2002 900 2045 temperes.

212 2050 333 2086 Strat.
363 2049 474 2086 Nihil
492 2049 584 2099 agit,
605 2050 672 2100 qui
689 2048 922 2086 diffidentem
933 2049 1057 2087 verbis
1071 2049 1211 2086 solatur
1227 2047 1316 2085 suis.

209 2102 252 2139 Is
270 2109 326 2140 est
346 2102 503 2149 amicus,
523 2103 605 2154 qui,
623 2103 663 2140 in
689 2114 729 2140 re
757 2101 889 2150 dubia,
911 2115 952 2141 re
975 2103 1099 2151 juvat,
1118 2102 1185 2140 ubi
1203 2113 1244 2139 re
1262 2107 1318 2190 cist

371 2168 480 2206 opus.
1293 2155 1318 2190 0
