1435 2400
185 86 259 125 108
459 89 845 129 MENAECHMEI.
877 91 950 130 IV.
978 94 1016 129 2.

183 192 319 232 Tristis
337 194 403 232 ω’.)

337 248 444 286 Mul.
473 247 533 287 Te
550 249 641 287 scire
658 257 802 300 oportet

567 304 665 339 Pen.
694 302 798 345 Scin
829 302 892 340 sed
910 303 1121 342 dissimulat
1140 303 1275 342 malus.

181 353 293 391 Men.
322 352 427 400 Quid
446 356 571 405 negoti
588 355 648 392 ’st.

285 407 398 445 Mul.
426 407 574 444 Pallam
595 433 604 443 .
630 435 639 444 .
664 436 672 445 .
692 434 701 444 .
723 435 732 445 .

389 461 500 497 Men.
531 460 708 498 Pallam?
737 459 857 511 quid?

549 514 654 550 Mul.
675 513 824 552 Pallam
840 541 850 550 .
867 541 877 551 .
892 540 903 551 .
918 541 929 552 .
941 514 1047 562 Quid
1061 514 1203 566 pavoe?
1222 515 1274 552 45

179 566 290 603 Men.
319 565 428 603 Nihil
446 565 618 616 equidem
638 579 764 617 paveo.

406 621 503 656 Pen.
531 619 617 656 Nisi
636 631 780 657 unum:
811 620 913 670 palla
930 620 1112 671 pallorem
1129 620 1275 658 incutit.

177 670 235 708 At
256 678 297 708 tu
326 683 374 709 ne
403 673 500 710 clam
529 683 590 708 me
618 684 796 710 comesses
826 673 1028 723 prandium
1043 673 1053 710 !
1085 673 1206 724 Perge
1233 675 1274 710 in

333 737 470 763 vlrum.

177 778 288 814 Men.
317 776 407 815 Non
426 779 554 816 taces?

452 833 550 868 Ρεη.
581 832 671 869 Non
691 833 856 879 (hercle)
875 843 961 869 vero
979 837 1093 869 taceo.
1134 831 1273 879 Nutat,

548 897 596 922 ne
613 885 759 936 loquar.

175 937 285 974 Men.
315 935 405 973 Non
423 936 594 986 (hercle)
615 951 683 987 ego
701 938 855 989 quidem
880 949 1042 988 usquam
1061 937 1271 988 quidquam

331 994 424 1025 nuto
442 1001 564 1040 neque
581 990 680 1028 nicto
699 992 779 1029 tibi.

174 1043 280 1080 Mul.
311 1042 351 1079 N
353 1054 397 1087 ae,
423 1054 491 1092 ego
510 1045 724 1090 (mecastor)
742 1044 879 1081 mulier
896 1043 1055 1080 misera!

376 1095 487 1132 Men.
516 1095 598 1142 Qui
618 1103 659 1133 tu
678 1096 814 1134 misera
832 1097 902 1134 es?
930 1095 1026 1133 mihi
1044 1095 1192 1146 expedi.
1218 1098 1269 1134 50

172 1150 271 1186 Pen.
290 1147 401 1185 Nihil
418 1147 489 1186 hoc
503 1148 765 1198 confidentius,
785 1149 866 1200 qui,
886 1161 972 1200 quae
990 1149 1105 1197 vides,
1125 1162 1169 1187 ea
1186 1162 1271 1201 per-

326 1212 351 1237 n
424 1207 450 1238 t

171 1256 280 1292 Men.
301 1213 523 1292 Peffiaovem
538 1254 716 1306 Deosque
735 1254 878 1293 omneis
897 1254 1046 1305 adjuro,
1061 1268 1171 1304 uxor,
1189 1257 1266 1308 (sa-

325 1305 408 1344 ti'n'
427 1306 498 1344 hoc
515 1314 571 1344 ost
588 1307 657 1346 tibi
671 1308 711 1357 ?)

166 1359 236 1397 Me
253 1359 314 1397 isti
331 1370 407 1396 non
425 1360 587 1398 nut'asse.

403 1413 502 1450 Pen.
536 1412 666 1451 Credit
680 1414 762 1461 jam
781 1412 849 1451 tibi
868 1412 915 1451 de
932 1413 1036 1451 istis:
1064 1413 1156 1452 illuc
1175 1414 1266 1452 redi.

168 1467 280 1503 Men.
308 1464 399 1512 Quo
417 1477 486 1514 ego
506 1465 686 1503 redeam?

439 1519 537 1555 Pen.
565 1518 758 1569 Equidem
776 1518 825 1556 ad
842 1518 1104 1570 phrygionem,
1125 1531 1267 1559 censeo.

535 1571 571 1619 I,
591 1571 733 1621 pallam
751 1571 857 1611 refer.

165 1625 276 1661 Men.
306 1622 406 1670 Quae
423 1623 524 1661 istaec
541 1625 644 1673 palla
662 1631 717 1662 ωε
731 1626 748 1661 ‚⁹

536 1679 645 1714 Mul.
673 1677 799 1715 Taceo
813 1678 910 1726 jam,
931 1678 1083 1729 quando
1100 1678 1162 1717 hic
1178 1692 1261 1718 rem

636 1742 713 1767 non
730 1730 903 1768 meminit
927 1744 1045 1769 suam.
1209 1735 1261 1770 55

161 1784 272 1822 Men.
317 1783 512 1834 Numquis
544 1795 735 1821 servorum
763 1782 923 1834 deliquit
934 1784 952 1820 ?
992 1797 1088 1823 num
1115 1785 1262 1823 ancillae

315 1844 382 1874 aut
399 1837 495 1874 servi
512 1836 582 1874 tibi

159 1889 424 1940 Responsant?
454 1890 648 1941 eloqueret
677 1889 834 1941 impune
852 1902 928 1928 non
947 1891 1028 1929 erit.

888 1946 985 1982 Pen.
1014 1945 1150 1996 Nugas
1167 1945 1259 1996 agis,

157 1996 269 2032 Men.
305 1995 440 2033 Tristis
471 1995 677 2034 admodum
710 2009 771 2034 es:
815 2009 891 2035 non
919 1997 1015 2035 mihi
1045 1997 1140 2038 istuc
1171 1998 1260 2037 satis

314 2047 449 2097 placet.

454 2103 554 2140 Pen.
581 2103 716 2154 Nugas
733 2103 824 2154 agis.

156 2155 268 2191 splen.
299 2153 488 2192 Caeterum
505 2155 749 2194 familiarium
769 2156 880 2194 alicui
898 2157 992 2196 irata
1009 2169 1046 2195 es
1060 2155 1079 2192 ?
