1435 2400
186 83 237 125 78
524 81 799 121 EPIDICUS.
827 81 879 120 V.
906 83 944 119 2.

464 188 626 237 Periph.
657 187 786 231 Quom
806 195 848 225 tu
867 199 904 225 ας
922 186 1030 234 liber,
1050 185 1209 236 gaudeo.
1238 190 1290 226 45

188 240 306 290 Epid.
336 238 478 286 Merui,
498 246 541 277 ut
559 240 700 277 fierem.

347 293 509 342 Periph.
539 292 603 330 Tu
620 292 820 330 meruisti?

580 347 699 394 Epid.
730 345 821 383 Vise
838 345 962 384 intro:
993 358 1061 396 ego
1076 345 1180 393 faxo,
1200 347 1290 384 scies

192 398 279 437 Hoc
295 398 348 435 ita
366 409 454 435 esse.

350 451 513 501 Periph.
544 451 650 494 Quid
669 459 723 489 est
741 451 868 502 negoti
886 453 904 489 Ρ

660 505 777 554 Epid.
806 505 900 542 Jam
918 503 999 554 ipsa
1017 516 1074 542 res
1093 504 1190 542 dicet
1208 504 1289 542 tibi.

194 556 274 595 Abi
292 555 404 594 modo
421 556 533 595 intro.

537 611 699 660 Periph.
732 610 810 648 Hei
825 610 835 646 2
866 621 942 646 non
960 609 1051 647 illuc
1069 616 1208 648 temere
1219 609 1291 648 'st!

644 663 809 700 Asserva
826 661 962 707 istunc,
982 662 1195 711 Apoecides.

196 716 326 765 Apoec.
356 714 462 758 Quid
478 714 582 761 illuc,
602 715 775 765 Epidiee‚
796 722 850 752 est
867 714 1023 765 negoti?

621 769 738 816 Epid.
769 767 947 805 Maxima
968 767 1138 818 (hercle)
1158 768 1299 817 injuria

197 819 360 858 Vinctus
386 820 507 867 adsto,
535 820 671 871 quojus
701 819 781 858 haec
807 820 919 857 hodie
950 818 1062 871 oper&
1088 820 1239 859 inventa
1252 822 1301 860 'st

357 872 446 910 filia.
1247 876 1299 912 50

198 927 332 976 Apoec.
357 924 467 963 Ai’n’
486 932 529 963 tu
547 932 585 963 te
602 926 704 964 illius
722 925 906 964 invenisse
925 926 1042 964 filiam
1057 928 1074 964 Ρ

719 979 838 1027 Epid.
868 979 1030 1023 Inveni3
1060 986 1097 1016 et
1110 978 1214 1016 domi
1232 987 1300 1018 est.

201 1031 291 1079 Sed,
311 1038 354 1068 ut
383 1032 559 1069 acerbum
575 1030 636 1077 'st‚
655 1043 723 1081 pro
741 1031 942 1069 benefactis
959 1044 1076 1082 quom
1093 1032 1186 1069 mali
1203 1044 1304 1070 mes-

365 1096 443 1121 sem
461 1091 578 1121 metas
593 1083 603 1119 !

202 1138 239 1174 A
237 1149 332 1187 poec.
363 1137 538 1180 Quemne
555 1135 666 1173 hodie
681 1148 747 1186 per
765 1138 898 1174 urbem
915 1143 1073 1187 uberque
1091 1149 1222 1176 sumus
1239 1137 1305 1177 de-

364 1189 451 1227 fessi
470 1201 634 1239 quaerere
650 1190 667 1226 ?

207 1244 327 1293 Epid.
352 1243 439 1292 Ego
463 1253 548 1279 sum
572 1241 738 1280 defessus
758 1242 931 1293 reperire,
956 1255 1020 1281 vos
1045 1241 1180 1281 defoesi
1201 1257 1303 1294 quae-

364 1308 457 1333 rere.

210 1351 370 1398 Periph-
402 1347 509 1391 Quid
525 1346 608 1384 istic
625 1347 739 1384 oratis
759 1360 869 1397 opere
888 1349 1022 1385 tanto?
1050 1348 1229 1386 meruisse
1245 1349 1305 1387 in-

367 1401 507 1450 telligo‚
1255 1404 1307 1439 55

208 1454 264 1492 Ut
280 1454 388 1492 liceat
405 1452 539 1490 merito
557 1452 672 1500 hujus
689 1452 820 1490 facere.
845 1452 948 1491 Cedo
966 1460 1023 1499 tu,
1039 1460 1082 1489 ut
1100 1455 1306 1503 exsolvam,

364 1518 513 1544 manus.

212 1560 331 1610 Epid.
358 1559 421 1596 Ne
438 1558 588 1608 attigas.

370 1611 529 1660 Peripk.
558 1610 726 1650 Ostende
743 1624 841 1650 vero.

635 1665 754 1714 Epid.
784 1665 899 1703 Nolo.

747 1719 904 1767 Periph.
923 1719 1015 1756 Non
1033 1731 1187 1769 aequum
1204 1719 1306 1760 facis.

213 1773 329 1822 Epid.
369 1770 581 1821 Nunquam
614 1769 782 1819 (hercle)
816 1770 940 1817 hodie,
973 1771 1045 1809 nisi
1081 1773 1308 1824 supplicium

369 1823 465 1860 mihi
478 1822 557 1869 das,
579 1835 641 1860 me
660 1823 752 1861 solvi
771 1822 905 1861 sinam.

213 1877 373 1928 Periph.
392 1876 610 1926 Optumum
628 1884 742 1926 atque
757 1876 1025 1927 aequissumum
1041 1889 1135 1916 oras.
1161 1879 1313 1920 Soccos-

369 1929 550 1976 tunicam,
570 1929 728 1980 panium

213 1983 304 2022 Tibi
322 1983 432 2022 dabo.

372 2036 489 2085 Epid.
523 2034 626 2079 Quid
646 2034 778 2073 deinde
797 2034 932 2086 porro?

636 2089 799 2138 Periph.
831 2090 1075 2129 Libertatem.

855 2144 972 2192 Epid.
1000 2143 1058 2182 At
1075 2143 1230 2195 postea?
1258 2144 1310 2182 60
