1435 2400
213 72 290 108 308
464 69 896 110 MOSTELLARIA.
929 71 1004 110 IV.
1033 71 1071 108 3.

514 179 612 216 Sim.
647 177 807 216 Mecum
825 185 868 216 ut
885 178 950 216 ille
967 177 1031 215 mc
1049 175 1217 227 gesserit,
1273 177 1326 213 25

221 230 331 268 Dum
351 238 393 268 tu
412 231 501 269 hinc
518 233 620 275 abes,
640 233 767 283 negoti
787 231 1025 283 quidquam?
1054 239 1093 268 at
1112 242 1189 282 quo
1207 227 1268 266 die
1282 231 1301 266 ⁸?

229 285 371 322 Theur.
401 284 531 322 Minas
550 284 619 322 tibi
636 285 825 334 octoginta
842 284 987 335 argenti
1005 284 1135 322 debeo.

225 339 321 375 Sim.
342 338 432 375 Non
452 337 609 376 memini
628 338 798 389 quidem,
817 338 966 376 hercle:
987 350 1134 385 verum,
1155 336 1187 374 si
1204 335 1332 382 debes»,
1409 354 1412 358 v

384 390 485 429 cedo.

227 444 341 482 Fides
360 444 543 483 servanda
560 445 622 492 'st,
640 457 688 482 ne
706 445 760 483 ire
777 445 922 483 inficias
940 445 1120 496 postules.

233 498 380 535 leeur.
406 498 579 536 Profecto
604 510 680 535 non
699 500 845 548 negabo
863 498 1023 543 debere;
1055 505 1091 536 et
1114 496 1225 534 dabo.
1282 496 1335 534 30

226 550 292 588 Tu
311 563 400 588 cave
419 550 669 601 quadraginta
687 551 870 602 accepisse
887 551 976 589 hinc
994 563 1042 589 ne
1059 563 1185 601 neges.

228 605 328 642 Sim.
347 602 489 650 Quaeso
510 604 695 655 (edepol),
715 605 791 642 huc
809 617 871 641 me
890 604 1080 655 adspecta,
1101 610 1137 642 et
1155 601 1338 654 responde

232 710 291 748 Te
311 709 406 747 velle
425 723 582 747 uxorem
603 710 703 748 aibat
721 718 787 748 tuo
806 718 895 748 nato
910 711 1013 756 dare,

231 763 324 801 Ideo
345 763 529 800 aedificare
548 764 636 800 hinc
656 764 752 802 velle
770 764 871 801 aibat
890 764 929 802 in
948 764 1038 802 tuis.

237 817 345 854 Thea
353 830 383 853 r.
410 816 515 854 Hinc
532 816 715 855 aedificare
733 816 837 855 volui
852 819 869 854 ‚⁹

831 871 930 907 Sim.
959 870 1021 909 Sic
1039 869 1138 908 dixit
1153 868 1261 907 mihi.
1289 869 1342 906 35

242 923 386 960 leeur.
416 921 494 960 Hei
512 922 633 960 mihi!
666 922 839 973 disperii!
870 924 986 962 Vocis
1005 935 1082 961 non
1105 923 1227 961 habeo
1245 922 1346 961 satis.

234 975 379 1022 Vicini,
401 975 550 1013 interii!
582 976 699 1027 perii!

715 1031 815 1068 Sim.
844 1029 1050 1081 Numquid
1068 1028 1214 1068 Tranio

234 1081 423 1120 Turbavit
438 1084 456 1120 ?

455 1137 602 1173 Thenr.
630 1137 774 1184 Immo,
794 1136 1011 1175 exturbavit
1028 1135 1170 1174 omnia.

234 1189 290 1227 Te
307 1188 523 1227 ludificatus
540 1198 595 1228 est
611 1198 648 1228 et
665 1203 728 1229 me
745 1190 858 1229 hodie
875 1189 1040 1241 indignis
1057 1189 1192 1228 modis.

237 1244 336 1281 Sim.
370 1242 475 1286 Quid
495 1251 537 1281 tu
556 1243 611 1281 ais
628 1245 646 1282 Ρ

475 1298 618 1335 Theur.
650 1297 747 1335 Haec
764 1311 823 1336 res
841 1296 894 1336 sic
913 1304 982 1343 est,
998 1302 1043 1334 ut
1059 1307 1171 1334 narro
1184 1295 1267 1334 tibi.
1295 1296 1349 1336 40

236 1349 297 1387 Te
313 1349 528 1388 ludificatus
544 1358 581 1388 et
598 1363 661 1388 me
677 1350 789 1389 hodie
806 1352 845 1388 in
864 1358 1092 1402 perpetuum
1109 1348 1281 1387 modum.

237 1403 280 1440 N
282 1415 356 1441 unc
375 1411 411 1441 te
430 1405 595 1451 obsecro,
615 1411 660 1442 ut
675 1417 739 1443 me
757 1406 853 1442 bene
867 1406 991 1454 juves,
1010 1414 1240 1455 operamque
1257 1402 1336 1442 des.

239 1457 341 1494 Sim.
370 1456 479 1504 Quid
496 1458 552 1495 vis
570 1459 587 1495 ?

541 1512 682 1549 Theur.
711 1511 734 1550 I
751 1524 917 1560 mecum,
936 1511 1103 1557 obsecro,
1121 1508 1202 1547 uu'a
1219 1508 1349 1548 simul.

242 1564 342 1601 Sim.
370 1563 469 1601 Fiat.

334 1617 476 1654 leeur.
505 1618 786 1670 Servorumque
803 1629 958 1669 operam
976 1623 1013 1655 et
1030 1616 1112 1654 lora
1129 1613 1226 1652 mihi
1249 1615 1354 1655 cedo.

241 1670 341 1707 Sim.
372 1669 501 1708 Sume.

322 1723 466 1761 Theur.
497 1723 723 1775 Eademque
741 1724 856 1776 opera
873 1725 955 1762 haec
972 1723 1043 1762 tibi
1060 1735 1274 1773 narravero,
1302 1723 1355 1761 45

244 1774 346 1822 Quis
365 1788 427 1815 me
442 1777 625 1829 exemplis
642 1777 756 1817 hodie
772 1778 838 1817 ille
855 1777 1071 1817 ludificatus
1089 1785 1156 1817 est.
