1435 2400
483 94 766 134 EPIDICUS.
792 95 843 132 V.
872 97 908 132 2.
1195 95 1219 137 7
1223 95 1247 131 5

144 200 288 238 Caeoera
307 200 388 238 haec
404 201 608 252 posterius,
626 200 732 247 faxo,
752 200 875 247 scibis,
893 201 958 238 ubi
976 201 1045 239 erit
1061 202 1194 239 otium.

143 253 266 293 strat.
294 252 458 304 Sequere
475 253 546 292 hac
562 266 639 300 me,
658 266 744 292 mae
762 265 875 291 soror.

321 308 441 356 Epid.
469 307 556 357 Ego
574 307 623 345 ad
640 318 706 345 vos
727 306 1005 358 Thesprionem
1020 307 1167 355 jussero
1193 309 1245 345 50

139 358 230 396 Huc
247 360 415 398 transire.
456 360 532 399 Sed
549 368 754 406 memento,
775 360 808 398 si
825 360 920 411 quid
937 359 1098 398 saeviunt
1117 372 1232 404 senes,

138 412 340 462 Suppetias
354 413 452 450 mihi
469 426 557 451 cum
573 426 697 452 sorore
714 414 820 452 fene.

749 469 876 506 strat.
903 466 1033 505 Facile
1050 465 1149 504 istuc
1167 467 1250 504 erit.

139 519 255 568 Epid.
290 519 489 570 Thesprio,
509 521 570 558 exi
583 520 676 558 istac
693 533 760 571 per
777 520 956 565 hortum;
978 519 1069 557 affer
1087 518 1245 557 domum

293 573 481 611 auxilium
499 574 607 612 mihi.

137 623 287 675 Magna
299 624 346 663 'st
364 638 433 664 τω.
475 626 641 665 Minoris
665 626 788 664 multo
810 626 920 674 facio,
944 637 1062 677 quam
1081 624 1243 674 dudum,

294 691 410 716 senes.

136 730 332 769 Remaebo
349 732 462 780 intro,
481 740 525 770 ut
543 739 764 771 accusentur
780 732 1022 770 advenient&
1039 731 1218 783 hospitae.

136 782 286 822 Eadem
304 784 386 823 haec
402 785 506 824 intus
527 785 702 835 edocebo,
728 799 815 838 quae
836 798 905 836 ego
922 785 1009 829 scio,
1034 785 1245 837 Stratippo-

295 838 404 876 clem.
1191 839 1245 876 56

139 890 229 928 Non
247 890 378 941 fugio:
400 891 505 929 domi
522 891 650 932 adoese
667 900 812 932 certum
825 892 898 931 ’st.
918 903 1042 944 neque
1059 891 1124 930 ine
1140 891 1245 930 haud

92 963 95 965 ·
257 956 262 962 “
294 945 444 994 objiciet
459 946 556 984 mihi

138 996 305 1035 Pedibus
332 1011 410 1036 sese
435 1007 693 1048 provocatum.
734 1001 846 1038 Abeo
871 999 994 1038 intro:
1023 997 1138 1036 nimis
1161 998 1244 1036 lon-

294 1064 389 1102 gum
406 1051 552 1102 loquor.

389 1201 573 1242 ACTUS
601 1204 653 1242 V.
707 1204 892 1243 SCENA
923 1204 984 1242 11.

235 1307 554 1347 PssmPHANEs.
595 1309 857 1347 APOECIDES.
902 1310 1128 1348 Emmccs

137 1413 298 1464 Periph-
319 1413 453 1452 Sati’n’
467 1415 532 1453 ifle
549 1415 613 1455 hic
630 1415 746 1454 homo
760 1414 924 1454 ludibrio
935 1427 1004 1453 nos
1017 1413 1162 1454 vetulos
1176 1415 1242 1454 de-

293 1468 452 1519 crepitos
469 1468 564 1507 duos

139 1520 302 1559 Habet?

319 1574 450 1624 Apoec.
470 1575 613 1622 Immo,
632 1574 803 1626 (edepol)
824 1583 867 1613 tu
885 1574 1040 1626 quidem
1058 1574 1240 1614 miserum

431 1641 493 1666 me
511 1629 627 1667 habes
644 1630 790 1667 miseris
809 1628 943 1667 modis.

143 1681 302 1730 Periph.
334 1680 437 1719 Tace
455 1682 505 1719 sis
522 1682 648 1720 modo.
695 1683 784 1721 Sine
802 1694 864 1720 tne
882 1681 1076 1719 hominem
1094 1681 1223 1731 apisci.

506 1736 637 1785 Apoec.
660 1735 759 1774 Dico
776 1748 845 1786 ego
860 1735 958 1773 tibi·
944 1747 1040 1783 Jam,
1060 1742 1104 1771 ut
1121 1734 1241 1772 scias·

137 1786 275 1824 Alium
294 1787 364 1825 tibi
381 1795 418 1826 te
436 1789 612 1826 comitem
630 1789 766 1827 melius
784 1801 973 1840 quaerere.
1003 1788 1069 1835 im,
1092 1787 1187 1825 dum
1205 1794 1243 1824 te

361 1853 443 1888 uor,

137 1853 377 1931 meffie
394 1894 612 1933 invaserunt
629 1895 765 1933 misero
783 1895 821 1932 in
841 1906 966 1945 genua
984 1893 1149 1931 flemina.
1217 1895 1243 1930 5

140 1947 301 1995 Periph.
331 1946 438 1994 Quot
453 1947 532 1986 illic
550 1948 663 1986 hodie
686 1961 748 1986 me
772 1947 956 1998 exemplis
982 1944 1243 1993 ludificatu’st,

298 2011 320 2035 a
364 2013 411 2037 ue
428 2002 496 2038 te?

137 2051 194 2089 Ut
210 2051 287 2090 illic
305 2006 434 2090 attiltem
452 2052 682 2090 exenteravit
698 2051 795 2090 mihi
812 2065 901 2103 opoe
918 2052 1174 2103 argentarias!

139 2105 270 2155 Apoec.
289 2105 427 2156 Apage
444 2104 556 2142 illum
574 2117 598 2142 a
613 2117 701 2153 me3
721 2117 812 2143 nam
829 2105 895 2145 ille
912 2105 1068 2157 quidem
1081 2104 1245 2143 Volcani

300 2158 387 2196 irati
400 2157 449 2196 ’st
464 2157 590 2195 filius:
