1435 2400
378 83 767 123 MENAECHMEI.
798 83 858 122 11.
891 85 925 120 l.
1147 80 1200 119 93

97 191 200 227 Mes.
228 189 277 228 In
296 190 416 241 scirpo
433 189 578 228 nodum
597 189 747 240 quaeris.
801 188 908 236 Quin
933 199 1002 226 nos
1025 187 1113 225 hinc
1131 185 1200 224 do-

250 255 362 281 mum
1145 241 1198 276 22

95 295 297 343 Redimus,
314 296 386 334 nisi
404 296 435 334 si
450 296 647 334 historiam
666 295 839 347 scripturi
857 307 989 332 sumus
1003 297 1020 332 ἶ)

94 350 211 386 Men.
239 349 397 388 Dictum
416 349 575 387 facessas
594 349 761 394 doctum,
782 356 818 386 et
836 347 1024 386 discavoess
1040 347 1154 384 malo.

96 401 286 440 Molestus
303 415 351 441 ne
369 403 418 441 sis
433 417 442 440 :
473 414 548 440 non
568 410 634 440 tuo
651 402 723 440 hoe
740 402 805 439 fiet
821 401 946 438 modo.

846 456 904 493 M
903 467 953 491 es
982 454 1085 491 Hem
1102 453 1113 490 ἰ
1143 453 1196 489 25

94 508 192 547 Illoc
209 509 310 547 enim
329 511 441 548 verbo
459 523 536 548 esse
553 523 617 547 me
635 521 786 547 servum
805 507 893 546 scio.

93 561 186 599 Non
205 563 329 613 potuit
346 563 476 613 paucis
494 564 604 614 plura
620 563 733 613 plane
750 561 938 621 proloqui.

94 614 134 652 V
135 628 241 653 erum
261 624 387 654 tamen
406 628 552 668 nequeo
566 616 769 662 continere,
787 615 883 675 guin
900 615 1046 674 loquar.

92 667 217 716 Audi,
235 669 498 708 Menaeehme:
530 682 647 721 quom
664 668 821 719 inspicio
838 668 1093 718 marsupium,

92 721 273 760 Viaticati
292 723 458 770 (hercle)
477 723 684 761 admodum
704 721 831 759 aestive
850 734 995 759 sumus.
1147 718 1201 755 30

94 774 182 821 Nae,
203 783 259 822 tu,
282 776 454 826 (hercle)
475 776 620 837 opinor,
639 775 713 813 nisi
731 775 890 812 domum
908 773 1117 820 reverteris,

93 827 173 865 Ubi
190 829 245 866 nil
263 829 431 875 habebis,
451 829 648 880 geminum
667 827 761 866 dum
780 828 930 879 quaeris,
949 839 1090 878 gem&-

95 880 200 919 Nam
218 882 272 919 ita
291 890 346 920 oet
363 882 443 921 haec
460 882 660 921 hominum
680 882 782 919 natio
797 881 1044 932 Epidamnia„

95 933 313 986 Voluptarii
329 943 443 987 atque
460 943 646 986 potatores
663 935 863 979 maxumi;

98 986 204 1025 Tum
222 988 462 1039 sycophantae
479 998 516 1026 et
533 989 745 1039 palpator&
762 963 920 1039 plurimi
1144 986 1198 1023 35

96 1039 144 1076 In
164 1041 256 1078 urbe
274 1041 343 1079 hac
361 1041 556 1079 habitant.
586 1049 670 1078 tum
688 1040 899 1079 meretrices
915 1039 1093 1077 mulierae

97 1093 300 1144 Nusquam
318 1095 562 1144 perhibentur
578 1093 791 1131 blandiores
808 1092 994 1143 gentium.

95 1146 296 1196 Propterea
315 1147 402 1184 huic
418 1147 505 1185 urbi
522 1158 658 1184 nomen
679 1146 897 1195 Epidamno
912 1143 1107 1182 inditum’
1109 1151 1157 1191 st⁹

94 1199 198 1244 Quia
216 1211 328 1238 nemo
346 1200 463 1237 ferme
480 1200 556 1237 huc
575 1199 654 1236 sine
671 1198 810 1236 damno
828 1197 1037 1235 divortitur.

94 1253 207 1291 Uen.
236 1253 324 1303 Ego
351 1253 446 1291 istuc
470 1253 630 1291 cavebo:
661 1251 848 1290 cedodum
874 1250 971 1288 1111111
997 1251 1073 1289 hue
1094 1262 1199 1287 mar-

251 1308 417 1358 supium.
1145 1304 1199 1340 40

94 1360 198 1396 illes.
226 1359 334 1407 Quid
351 1371 395 1397 eo
413 1359 498 1397 vis?

355 1415 468 1450 Ilien.
496 1413 590 1451 Jam
609 1413 676 1450 abs
695 1419 733 1449 te
748 1417 878 1449 metuo
896 1410 943 1448 de
961 1409 1084 1448 verbis
1103 1409 1193 1447 tuis.

95 1467 198 1504 Mes·
225 1463 333 1512 Quid
349 1466 518 1504 metuis?

265 1520 380 1557 Men.
407 1520 470 1557 Ne
487 1519 583 1556 mihi
599 1517 812 1557 damnum
801 1529 842 1554 m
859 1515 1078 1567 Epidamno
1095 1515 1194 1554 duis.

96 1572 161 1610 Τιι
178 1583 342 1622 magnus
359 1580 503 1610 amator
519 1572 722 1610 mulierum
743 1583 795 1618 ω,
816 1569 1033 1607 Messenio:

94 1626 182 1675 Ego
199 1633 327 1663 autem
345 1625 460 1662 homo
478 1625 693 1672 iracundus,
712 1623 830 1662 animi
847 1622 995 1674 perditi.

99 1679 149 1716 Id
166 1686 385 1728 utrumque,
404 1686 602 1728 argentum
621 1677 773 1729 quando
790 1676 966 1723 habebo,
970 1688 1114 1724 oevero,
1145 1676 1199 1716 45

98 1733 161 1769 Ne
179 1739 222 1768 tu
240 1731 452 1782 delinquas,
471 1743 565 1769 neve
582 1743 652 1781 ego
669 1731 804 1769 1135331
821 1729 904 1767 tibi.

101 1786 203 1822 Mes.
232 1784 350 1835 Cape,
368 1791 482 1836 atque
500 1797 628 1824 serva:
659 1797 721 1824 me
736 1784 892 1822 lubente
908 1781 1049 1822 feceris
