1435 2400
410 78 804 120 MENAECHMEI.
831 79 884 118 V.
913 81 951 117 5.
1166 77 1244 117 123

262 189 375 225 Men.
407 187 515 235 Quid
533 187 590 225 vis
603 190 621 226 ?

449 241 560 278 Med.
589 240 666 279 Dic
678 239 775 278 mihi
787 239 873 289 hoc,
889 239 993 291 quod
1006 247 1042 278 te
1056 251 1170 290 rogo:
1196 239 1247 276 16

131 294 282 334 Album
298 306 348 333 an
365 301 493 332 atrum
511 295 646 332 vinum
663 293 802 344 potas⁹

462 349 576 385 splen.
605 347 713 395 Quin
731 355 775 384 tu
792 347 825 385 is
842 346 882 384 in
900 346 1044 384 malam
1064 345 1245 384 crucem?

134 404 224 442 Seu.
249 401 344 440 Jam
364 395 532 453 (hercle)
551 408 719 452 occeptat
736 400 898 438 insanire
916 398 1141 459 primulum.

615 456 728 492 Men·
757 454 864 501 Quin
882 462 923 491 tu
944 466 1006 491 me
1024 452 1245 503 interrogas,

133 507 377 559 Purpureum
394 521 534 560 panem
552 519 601 545 an
619 508 827 558 puniceum
845 507 989 546 soleam
1004 518 1073 557 ego
1088 518 1182 554 esse,
1198 517 1246 543 an

291 563 439 600 luteum
454 564 472 600 Ρ

130 614 330 653 soleamne
343 629 422 654 esse
439 614 540 653 aveis
557 627 794 666 squamosas,
813 614 946 666 piseeis
964 620 1147 665 pennatos
1158 613 1176 649 ἲ

903 670 993 707 Sen.
1021 667 1138 717 Papae
1153 667 1163 704 !
1196 667 1249 704 20

130 721 294 760 Audi’n'
327 730 383 771 tu,
414 731 459 761 ut
485 723 733 761 deliramenta
760 722 931 774 loquitur
945 723 963 759 ἓ
1004 720 1100 772 quid
1129 732 1250 759 cessas

290 776 382 815 dare

131 829 301 868 Potionis
320 830 478 882 aliquid,
499 829 724 881 priusquam
742 828 902 880 percipit
918 826 1094 867 insania?

131 884 243 921 Med.
272 883 394 922 Mane
412 883 550 921 modo:
580 883 695 921 etiam
714 884 974 933 percontabor.

714 937 806 974 Seu.
834 936 930 974 Alia
949 934 1087 973 occidis
1105 932 1251 972 fabula.

135 991 244 1028 Med.
273 990 349 1029 Dic
366 989 463 1028 mihi
482 990 578 1028 hoc:
609 989 732 1028 solent
756 989 828 1026 tibi
851 1001 1027 1040 unquam
1046 987 1147 1027 oculi
1164 986 1251 1025 duri

295 1043 375 1081 fieri
386 1043 405 1079 ἲ

135 1098 250 1134 Men.
285 1096 393 1144 Quid
405 1098 423 1134 ,⁹
462 1103 506 1133 tu
536 1107 600 1133 me
630 1095 819 1133 locustam
852 1107 982 1133 censes
1010 1106 1103 1142 esse,
1135 1093 1251 1131 homo

296 1149 575 1200 ignavissume.
566 1148 582 1171 ²
1200 1148 1252 1184 25

134 1204 247 1242 used.
279 1202 355 1241 Dic
373 1202 496 1240 mihi.
527 1214 574 1239 en
593 1213 767 1253 unquam
783 1200 855 1240 tibi
879 1200 1060 1240 intoetina
1078 1207 1250 1252 crepant,

296 1256 400 1307 quod
419 1255 579 1294 sentias.
569 1257 587 1283 9

135 1313 247 1349 BIen.
266 1309 348 1348 Ubi
362 1316 466 1348 satur
479 1321 580 1356 sum,
596 1307 704 1346 nulla
718 1307 927 1360 crepitant.
950 1307 1104 1360 quando
1117 1305 1252 1356 esurio,

297 1371 382 1401 tum
400 1370 567 1412 crepant.

134 1419 249 1456 Med
274 1416 364 1455 Hoc
377 1415 534 1467 quidem
551 1415 723 1467 (edepol)
740 1414 845 1453 haud
862 1427 932 1466 pro
947 1415 1080 1453 insano
1095 1415 1255 1452 verbum

293 1469 488 1521 respondit
505 1469 614 1506 mihi.

134 1523 398 1563 Perdormisci'
400 1523 439 1560 n’
462 1535 583 1574 usque
605 1521 653 1560 ad
677 1521 833 1561 lucem?
860 1521 1012 1561 facilen’
1037 1527 1081 1559 tu
1111 1519 1255 1558 dormis

137 1634 252 1671 Men.
281 1578 556 1672 ἕὲῐιέῗὲῃριεω,
576 1629 607 1668 si
624 1629 761 1668 resolvi
778 1635 994 1680 argentum,
1013 1628 1105 1680 quoi
1123 1627 1256 1666 debeo.

135 1685 220 1732 Qui
256 1691 294 1723 te
323 1683 481 1735 Jupiter
510 1683 657 1734 Diique
694 1695 841 1732 omnae,
878 1689 1132 1734 percontator,
1171 1693 1256 1732 per-

425 1738 436 1774 !
1235 1734 1252 1769 l

141 1793 198 1829 ῑῙ
196 1792 253 1829 ed
288 1737 436 1828 ἐῖιιιιῒέ
422 1789 566 1851 nomo
555 1790 719 1828 msanire
733 1796 915 1842 occeptat.
963 1789 1026 1828 De
1044 1789 1121 1827 11115
1135 1733 1260 1826 vergis

142 1902 232 1938 Sea.
263 1856 405 1940 Ιηξῑιῖἓ,
414 1845 634 1934 ἰ11111111051101·
660 1908 764 1936 nunc
789 1896 945 1948 quidem
972 1903 1028 1934 ωε
1052 1895 1100 1933 de
1124 1894 1261 1941 verbis,

300 1963 381 2001 prae
399 1957 444 1987 ut
461 1949 610 1988 dudum
627 1950 702 1988 fuit
717 1965 728 1989 ε

143 2005 250 2044 Ν3111
281 2003 428 2041 dudum
461 2015 621 2042 uxorem
657 2017 768 2043 suam
799 2017 881 2043 esse
914 2003 1039 2042 aiebat
1070 2001 1260 2040 rabiosam

313 2068 459 2095 canem.

149 2114 264 2152 Men.
289 2108 400 2158 Quid
419 2121 490 2160 ego
506 2108 620 2148 dixi?
