1435 2400
234 77 308 116 160
527 79 573 118 M
579 80 860 120 ERCATOR.
889 80 970 118 111.
1004 80 1035 116 1.

229 184 324 220 Eut.
354 182 497 223 Melius
513 197 626 225 sanus
644 187 703 225 sis.

516 241 633 278 Char.
663 240 774 289 Vale,
794 248 830 278 et
848 239 967 286 vince,
989 245 1025 276 et
1042 249 1104 276 me
1121 249 1235 275 serva.

968 293 1064 329 Eut.
1089 290 1174 341 Ego
1192 289 1323 328 secero.

230 341 348 380 Domi
366 352 515 383 maneto
533 357 606 383 me.

535 399 653 437 Char.
685 398 790 449 Ergo
809 404 978 436 actutum
997 396 1076 435 face
1094 408 1182 435 cum
1200 392 1328 446 praeda

649 451 813 502 recipias.
1276 448 1328 484 30

481 609 666 649 ACTUS
694 611 777 648 ΙΙΙ.
832 609 1016 649 SCENA
1045 610 1081 647 I.

446 715 764 753 LYSIMACHUS.
805 716 1113 754 PAslcoMPSA.

227 821 378 869 Lysim.
406 821 544 860 Amice
575 821 695 860 amico
722 834 875 872 operam
907 819 993 858 dedi
1009 834 1019 857 :
1054 820 1198 858 vicinus
1226 818 1329 870 quod

384 875 542 924 rogavit,

226 925 314 964 Hoc
332 927 406 964 emi
425 927 725 965 mercimonium.
776 926 870 964 Mea
888 939 926 964 es
945 933 1012 964 tu:
1043 938 1195 977 sequere
1213 937 1325 963 sane:

225 979 266 1016 N
269 992 289 1016 e
303 980 430 1029 plora:
455 980 568 1017 nimis
586 981 698 1017 stulte
712 980 802 1017 facis
814 993 826 1023 ς
847 979 974 1017 oculos
988 979 1195 1029 corrumpis
1209 978 1326 1016 taleis.

225 1031 332 1078 Quid
348 1034 365 1070 Ρ
394 1033 462 1070 tibi
477 1033 645 1083 quidem,
662 1032 764 1083 quod
780 1031 910 1075 rideas,
931 1032 1052 1083 magis
1066 1039 1134 1080 est,
1151 1044 1267 1082 quam
1285 1037 1329 1068 ut

384 1085 599 1123 lamentere.

225 1138 336 1175 Posi.
365 1139 520 1177 Amabo
543 1137 733 1187 (ecastor),
752 1138 807 1175 mi
824 1150 952 1185 senex,
975 1138 1148 1189 eloquere
1167 1166 1178 1175 .
1198 1165 1208 1175 .
1228 1162 1240 1174 .
1257 1163 1269 1174 .

724 1193 874 1240 Lysim.
903 1191 1076 1242 Exquire
1094 1189 1187 1242 quid
1206 1189 1274 1228 vis.
1302 1191 1327 1226 5

225 1243 336 1280 Pasi.
365 1243 445 1282 Cur
463 1244 596 1282 emeris
614 1257 676 1282 me
691 1247 708 1283 ἒ

474 1299 626 1347 Lysim.
660 1298 767 1335 Tene
786 1297 882 1348 ego?
910 1304 967 1344 ut,
987 1297 1091 1349 quod
1107 1296 1324 1347 imperetur,

598 1350 724 1388 facias.

223 1401 339 1450 Item,
360 1403 463 1454 quod
481 1410 524 1441 tu
542 1403 638 1440 mihi
656 1403 833 1454 impereS,
854 1415 923 1453 ego
940 1402 1090 1440 faciam.

807 1457 917 1493 Pasa.
947 1456 1086 1493 Facere
1104 1460 1248 1492 certum
1265 1453 1312 1492 'st

221 1506 299 1544 Pro
318 1508 426 1558 copia
445 1517 481 1546 et
499 1506 695 1559 sapientia,
714 1521 799 1559 quae
817 1515 854 1546 te
871 1508 966 1546 velle
984 1508 1204 1545 arbitrabor.

221 1561 375 1608 Lysim.
404 1561 600 1599 Laboriosi
626 1561 723 1598 nihil
754 1561 823 1599 tibi
855 1560 1067 1612 quidquam
1096 1560 1218 1610 operis
1253 1559 1326 1597 im-

379 1616 532 1663 pei-abo.

219 1667 332 1703 Pasi.
350 1667 530 1717 Namque
544 1667 715 1718 (edepol)
728 1667 898 1718 quidem,
912 1666 967 1704 mi
983 1678 1111 1714 senex,
1125 1677 1202 1704 non
1215 1665 1329 1703 didici

380 1720 565 1768 bajulare,
1279 1719 1328 1756 10

219 1772 262 1810 N
263 1784 303 1810 ec
321 1785 440 1822 pecua
457 1773 534 1810 ruri
551 1786 713 1824 pascere,
734 1785 856 1824 neque
871 1784 1006 1823 pueros
1024 1772 1221 1811 nutricare.

219 1825 371 1874 Lysim.
402 1826 513 1863 Bona
530 1827 561 1864 si
580 1839 657 1863 esse
677 1825 744 1871 vis,
764 1828 859 1863 bene
878 1826 947 1863 erit
966 1826 1047 1864 tibi.

588 1880 700 1917 Pasi.
731 1879 837 1916 Tum
857 1879 958 1930 (pol)
976 1891 1045 1929 ego
1064 1877 1158 1930 perii
1176 1877 1325 1916 misera.

225 1932 376 1981 Lysim.
404 1931 486 1978 Qui
504 1934 520 1969 ?

332 1986 440 2022 Pasi.
473 1983 577 2031 Quia
595 1984 687 2031 illic,
708 1984 809 2022 unde
827 1984 982 2023 advecta
998 1984 1074 2022 huc
1093 1996 1194 2033 sum,
1215 1983 1325 2022 malis

493 2039 588 2076 bene
607 2051 685 2076 esse
704 2038 857 2075 solitum
878 2036 925 2076 'st
941 2051 952 2074 ε

212 2089 254 2127 N
257 2102 297 2129 ec
311 2102 393 2129 mos
410 2091 562 2139 meu'st,
579 2098 623 2129 ut
639 2091 854 2143 praedicem,
868 2090 971 2142 quod
987 2102 1057 2141 ego
1072 2090 1216 2129 omneis
1234 2087 1326 2128 scire

374 2143 532 2181 credam.
