1435 2400
429 90 710 131 EPIDICUS.
739 91 799 130 ΙΙ.
834 91 868 127 1.
1157 93 1207 132 49

99 199 205 239 Novi
223 211 293 250 ego
310 206 358 237 te.

307 252 426 303 Epid.
444 251 517 289 Est
534 250 731 288 Euboicus
751 248 861 287 miles
880 249 1061 301 locuples,
1080 251 1205 290 multo

413 317 506 342 auro
523 311 670 354 potens,
1152 308 1204 343 50

95 358 191 408 Qui,
203 359 271 397 ubi
280 359 350 396 tibi
367 358 479 396 istam
498 364 640 395 emtam
659 369 737 394 esse
755 356 878 405 scibit,
894 364 1007 408 atque
1021 357 1119 396 hanc
1138 358 1204 396 ad-

253 412 406 450 ductam
425 412 597 456 alteram,

94 466 285 504 Continuo
305 474 341 503 te
358 464 478 503 orabit
496 464 610 510 ultro,
630 470 674 500 ut
690 462 798 500 illam
817 464 1050 502 transmittas
1067 464 1152 503 sibi.

94 519 170 558 Sed
187 518 255 557 ubi
271 519 339 556 ina
353 519 415 565 'st,
435 529 552 569 quam
571 525 613 554 tu
632 516 827 554 adduxisti
840 524 966 554 tecum
977 517 995 552 ἱ)

637 571 763 607 Strat.
785 570 814 607 J
816 582 893 618 am,
913 570 1018 619 faxo,
1037 570 1102 609 hic
1120 571 1203 610 erit.

95 625 223 664 Chaer.
253 624 361 673 Quid
377 624 442 662 hic
459 635 561 661 nunc
579 622 755 673 agimus?
1212 632 1216 633 ⁷

369 680 493 717 Strat.
521 677 669 715 Eamus
689 676 788 715 intro
805 677 881 716 huc
899 677 948 715 ad
965 684 1017 725 te,
1037 685 1081 716 ut
1099 678 1202 716 hunc

471 730 584 769 hodie
602 729 706 768 diem

92 785 305 825 Luculente
323 785 544 823 habeamus-

298 840 419 889 Epz'd.
449 838 510 876 Ite
528 838 639 875 intro.
680 837 767 888 Ego
785 837 832 875 de
847 850 886 875 re
904 838 1116 888 argentaria
1145 840 1196 876 55

90 893 184 932 Jam
202 899 376 931 senamm
394 893 605 930 convocabo
623 891 662 928 in
683 891 792 929 corde
810 891 1081 940 consiliarium,

90 946 194 994 Quoi
211 946 465 998 potissumum
488 945 676 982 indicatur
696 945 855 992 bellum,
875 944 978 982 unde
996 954 1198 995 argentum

247 999 428 1037 auferam.

88 1052 260 1104 Epidice,
273 1052 358 1089 vide
372 1050 465 1102 quid
478 1063 591 1101 agas:
611 1050 665 1089 ita
679 1064 738 1089 τω
756 1050 882 1089 subito
894 1051 976 1089 haec
989 1052 1136 1100 objecta
1151 1052 1198 1090 ’st

249 1105 330 1142 tibi.

88 1160 180 1198 Non
200 1159 301 1197 enim
319 1169 421 1194 nunc
439 1156 507 1195 tibi
529 1155 826 1199 dormitandum,
850 1169 974 1208 neque
996 1157 1197 1195 cunctandi

247 1224 354 1261 copia
367 1211 424 1248 ’st.

87 1267 145 1304 At
165 1265 340 1304 eumdem
360 1276 490 1302 senem
511 1275 730 1314 oppugnare
754 1270 899 1300 certum
912 1264 961 1301 ’st
982 1263 1194 1302 consilium.

245 1318 281 1363 1,
297 1317 325 1363 i,
345 1317 406 1355 abi
1139 1318 1191 1354 60

90 1372 220 1414 Intro;
249 1379 364 1421 atque
381 1369 607 1408 adolescenti
624 1369 685 1408 dic
699 1371 780 1419 jam
801 1377 929 1408 nostro
945 1369 1055 1407 herili
1073 1369 1165 1416 filio,

87 1425 150 1462 Ne
169 1424 234 1463 hic
256 1424 356 1462 foras
377 1424 561 1472 ambulet,
584 1435 678 1462 neve
704 1435 868 1474 usquam
893 1423 1018 1461 veniat
1042 1423 1193 1461 obviam

246 1489 338 1516 sem.

355 1637 542 1677 ACTUS
562 1637 622 1676 Π.
677 1637 863 1677 SCENA
882 1638 919 1677 Ι.

323 1744 589 1782 Apoecmsss.
628 1744 948 1783 PERIPHANES.

80 1855 212 1905 Apoec.
255 1850 433 1903 Plerique
459 1850 645 1898 homines,
669 1863 780 1902 quoe,
803 1862 922 1902 quom
943 1851 1040 1889 nihil
1062 1852 1187 1901 refert,

239 1904 384 1956 pudet;
413 1904 481 1942 ubi
498 1904 723 1954 pudendum
735 1905 798 1951 ’st,

80 1960 145 1999 Ibi
163 1972 224 1998 eos
245 1958 380 1995 deserit
403 1957 540 2008 pudor,
562 1970 680 2008 quom
697 1970 789 1996 usus
807 1964 863 1996 αἱ
880 1964 924 1995 ut
941 1957 1093 2009 pudoet.
1146 1961 1187 1998 Is

239 2011 332 2048 adeo
350 2018 394 2048 tu
412 2022 463 2048 ω.
506 2009 615 2058 Quid

79 2067 166 2113 Est,
186 2064 288 2116 quod
306 2063 528 2115 pudendum
545 2064 629 2112 siet,
646 2076 782 2115 genere
803 2072 932 2103 natam
951 2065 1065 2113 bono,
1089 2079 1184 2118 pau-

244 2129 386 2168 perem,
406 2116 565 2155 domum

132 2181 231 2210 vot..
252 2181 301 2208 11.
1048 2182 1074 2207 r
