1435 2400
428 60 559 101 ΜΕΝ
561 58 824 100 AECHMEI.
852 55 905 95 V.
934 59 974 97 6.
1183 63 1257 102 125

944 169 1034 205 Seu.
1065 169 1176 207 Vale.
1205 171 1256 207 53

143 225 256 262 Men.
284 221 397 261 Abiit
426 233 599 260 socerus:
637 220 732 258 abiit
760 219 942 259 medicus·
1007 221 1125 260 Nunc
1154 223 1258 261 solus

300 288 400 313 sum.
456 275 533 312 Pro
551 273 734 325 Jupiter!

142 330 248 378 Quid
276 329 368 367 illuc
387 336 456 374 est,
476 328 579 379 quod
607 340 670 365 me
687 327 751 366 hic
776 327 950 365 homines
978 327 1142 366 insanire
1159 342 1256 380 prae-

298 383 457 421 dicant?
1204 385 1256 420 55

141 438 246 476 Nam
283 436 474 487 equidem,
517 442 722 486 postquam
764 442 877 474 natus
918 447 1019 483 sum,
1057 446 1257 487 nunquam

299 489 476 540 aegrotavi
493 501 617 526 unum
636 488 750 526 diem.

140 544 278 594 Neque
302 556 371 593 ego
395 541 570 588 insanio;
605 554 729 593 neque
755 554 904 594 pugnas
931 554 1056 593 neque
1079 555 1148 594 ego
1172 543 1258 581 lites

297 608 426 646 coepio.

139 650 274 690 Salvus
292 650 415 703 salvos
433 649 526 688 alios
544 649 654 688 video
666 663 678 687 :
707 650 796 688 novi
814 649 1001 698 homines,
1023 649 1208 700 alloquor.

137 705 222 747 An,
236 703 304 754 qui
321 716 520 754 perperam
540 703 704 741 insanire
722 715 785 741 me
799 703 921 751 aiunt,
942 703 1016 755 ipsi
1033 703 1257 740 insaniunt?

139 757 247 805 Quid
261 769 330 808 ego
344 769 447 795 nunc
464 757 602 796 faciam
619 758 638 796 ἓ
667 756 843 795 Domum
861 757 916 795 ire
932 757 1044 808 cupio
1061 770 1072 793 ε
1102 763 1142 794 at
1158 768 1256 794 uxor

297 823 372 848 non
394 811 493 849 sinit.
1203 811 1255 848 60

139 865 231 903 Huc
245 870 375 902 autem
393 877 507 903 nemo
520 864 752 903 intromittit.
807 863 939 903 Nimis
955 869 1184 916 proventum
1203 870 1258 902 est

298 930 323 955 n
374 925 481 956 ulter.

139 971 219 1010 Hic
245 931 479 1022 εει-3081511118
508 970 557 1009 ad
586 978 759 1011 noctem:
799 972 934 1010 saltem
959 969 1108 1023 (credo)
1138 970 1255 1008 intro-

298 1024 429 1062 mittar
445 1023 619 1063 domum.

393 1170 578 1211 ACTUS
607 1172 660 1210 V.
714 1170 899 1211 SCENA
927 1171 1003 1210 VI.

572 1276 829 1315 MEssssmo.

142 1389 367 1437 Spectamen
386 1385 486 1422 bono
504 1395 612 1422 servo
630 1382 671 1421 id
690 1390 760 1430 aet,
781 1383 849 1435 qui
866 1394 949 1421 rem
968 1382 1127 1421 herilem

142 1440 337 1486 Procurat,
360 1437 475 1485 videt,
496 1437 666 1485 collocat,
687 1436 915 1489 cogitatque,

143 1494 213 1540 Ut,
234 1494 388 1530 absente
405 1491 511 1538 hero,
530 1503 612 1529 rem
629 1490 712 1528 heri
728 1490 929 1542 diligenter

142 1547 323 1594 Tutetur,
344 1557 462 1596 quam
480 1545 511 1582 si
527 1544 610 1596 ipse
628 1544 732 1592 assit,
752 1552 821 1582 aut
838 1543 988 1583 rectius.

143 1601 316 1651 Tei-gum
343 1611 461 1650 quam
486 1598 633 1649 gulam,
654 1611 763 1636 crura
781 1610 899 1649 quam
918 1605 1087 1636 ventrem
1112 1603 1257 1649 oportet

142 1654 298 1693 Potiora
315 1665 408 1700 ωδε,
428 1651 520 1703 quoi
538 1664 600 1690 cor
618 1651 787 1690 modaete
806 1651 925 1689 situm
945 1661 1014 1690 αῖ.
1231 1652 1257 1689 6

143 1706 376 1746 Recordetur
394 1704 448 1752 id,
467 1705 536 1757 qui
553 1705 665 1743 11111111
682 1713 785 1753 sunt,
806 1704 900 1756 quid
918 1704 964 1743 iis
981 1705 1079 1757 preti

142 1760 269 1799 Detur
286 1761 334 1797 ab
353 1758 432 1797 suis
450 1758 563 1807 heris,
582 1759 743 1810 ignavis,
763 1758 948 1810 improbis

142 1813 275 1859 Viris3
302 1813 472 1860 verbera,
492 1813 706 1864 compedes,
726 1812 853 1860 molae,
872 1824 1014 1863 magna

142 1865 362 1910 lassitudo,
381 1865 517 1914 fames,
537 1866 658 1917 frigus
676 1866 831 1904 durum.
1209 1865 1256 1903 10

143 1921 242 1959 Haec
259 1918 380 1970 pretia
398 1927 486 1957 sunt
503 1920 677 1970 ignaviae.

145 1974 195 2013 Id
214 1986 284 2024 ego
302 1972 403 2010 male
421 1974 569 2011 malum
586 1980 716 2011 metuo
731 1988 742 2021 ;
773 1980 970 2024 propterea
987 1974 1134 2012 bonum

144 2028 242 2067 Esse
260 2034 405 2064 certum
431 2033 499 2073 oet,
526 2026 654 2078 potius
678 2039 796 2078 quam
821 2027 995 2065 malum:
1025 2039 1116 2066 nam
1137 2024 1258 2076 magis

303 2079 428 2118 multo

146 2133 276 2174 Patior
294 2132 443 2172 facilius
461 2133 598 2171 verba:
629 2133 783 2172 verbera
802 2145 872 2184 ego
890 2133 976 2179 odi3

959 2197 995 2224 M
1016 2186 1041 2221 3
