1435 2400
227 119 303 155 282
481 115 914 157 MOSTELLARIA.
943 120 1003 159 11.
1034 122 1072 159 2.

476 269 659 309 ACTUS
689 269 747 307 11.
803 269 986 308 SCENA
1015 271 1075 309 11.

473 376 827 414 Tnssunopmsss.
872 375 1073 413 TRAMO.

229 481 370 519 Tlccur.
399 482 547 526 Habeo
568 483 763 533 Neptune,
783 481 943 533 gratiam
961 492 1140 531 magnam
1160 481 1242 530 tibi,

219 533 349 580 Quom
368 547 430 573 me
447 536 606 574 amisisti
623 548 645 573 a
663 543 700 573 te
718 535 782 573 vix
801 535 930 573 vivum
948 534 1074 572 mod0.

221 586 382 634 Verum,
402 588 432 626 si
450 589 606 653 posthac
624 601 686 626 me
703 588 838 639 pedem
857 589 978 626 latum
997 586 1111 625 modo

217 639 346 677 Scies
336 653 457 691 impos
460 642 532 680 isse
548 642 588 679 in
607 641 764 689 undam,
784 641 888 678 haud
906 654 1017 679 causa
1034 639 1166 678 illico’
1168 648 1215 688 st,

218 691 333 738 Quod
352 706 453 732 nunc
471 695 621 733 voluisti
640 695 772 741 facere
786 695 880 745 quin
898 689 1012 732 facias
1030 692 1137 730 mihi.
1295 697 1321 731 5

217 745 368 796 Apage
389 760 507 798 apage
525 756 562 786 te
579 761 602 785 a
619 761 692 786 me.
735 748 879 786 Nunc‘
865 760 960 797 Jam,
980 754 1064 797 post
1082 745 1182 784 hunc
1201 746 1320 796 diem,

216 797 333 844 Quod
352 801 558 838 crediturus
576 801 645 839 tibi
662 801 733 848 fui,
753 812 864 838 omne
882 799 1034 838 credidi.

223 852 342 889 Tran.
373 853 536 913 Edepol,
558 854 753 904 Neptune,
772 853 970 914 peccavisti
994 852 1159 903 largiter,

216 903 296 951 Qui
315 908 544 944 occasionem
562 907 660 945 hanc
678 907 835 944 amisisti
856 914 935 944 tam
953 908 1106 944 bonam.

222 958 361 995 Theur.
385 959 566 997 Triennio
584 967 668 1010 post
687 959 859 1010 AEgypto
877 959 1034 997 advenio
1053 958 1237 998 domum·
1226 987 1237 998 .
1271 959 1319 997 10

216 1010 351 1058 Credo,
373 1021 606 1063 exspectatus
626 1012 773 1050 veniam
792 1011 1054 1049 familiaribus.

222 1064 341 1101 Tran.
373 1065 505 1103 Nimio
524 1065 688 1114 (edepol)
709 1065 772 1103 ille
790 1065 915 1115 potuit
933 1065 1178 1115 exspectatior

215 1116 369 1166 Venire,
391 1119 457 1169 qui
476 1127 512 1157 te
530 1119 720 1157 nuntiaret
738 1126 949 1156 mortuum.

219 1170 360 1207 Theur.
391 1172 464 1209 Sed
484 1172 576 1223 quid
594 1171 695 1210 hoc?
724 1171 870 1209 occlusa
884 1173 1003 1220 janua
1016 1171 1064 1209 ’st
1080 1171 1262 1210 interdius
1277 1174 1288 1210 !

215 1223 391 1262 Pultabo.
432 1225 541 1263 Heus
558 1225 566 1263 ἱ
598 1225 723 1276 ecquis
741 1225 830 1262 istas
848 1225 967 1275 aperit
985 1225 1039 1262 mi
1058 1224 1197 1262 foreis?
1269 1226 1317 1263 15

218 1277 296 1313 Tra
302 1291 338 1314 n.
352 1277 451 1324 Quis
463 1277 640 1325 homo’st‚
652 1279 718 1328 qui
730 1286 873 1315 nostras
885 1278 994 1316 aedeis
1005 1277 1157 1316 accessit
1167 1291 1284 1329 prope
1297 1281 1316 1317 ἓ

219 1331 360 1368 leeur.
390 1331 506 1370 Meus
525 1344 652 1370 servus
669 1331 731 1370 hic
749 1330 903 1383 quidem
917 1332 965 1369 ’st
985 1331 1140 1368 Tranio.

848 1385 969 1422 Tran.
997 1384 1035 1423 O
1055 1383 1316 1435 Theuropides

212 1436 340 1475 Here!
371 1439 471 1477 salve
487 1439 496 1476 !
540 1438 699 1477 Salvum
718 1445 755 1475 te
773 1436 965 1476 advenisse
982 1437 1140 1488 gaudeo.

209 1490 388 1541 Usquene
407 1492 558 1530 valuisti
571 1494 589 1530 ἓ

426 1547 569 1584 leeur.
596 1545 743 1596 Usque,
763 1551 807 1582 ut
825 1543 939 1583 vides.

811 1599 932 1635 Tran.
960 1597 1123 1636 Factum
1141 1604 1310 1649 optume.

214 1649 355 1688 Theur.
385 1650 491 1698 Quid
511 1653 606 1690 vos?
633 1649 804 1688 insanine
822 1650 939 1689 estis?

686 1705 807 1741 Tran.
838 1703 1044 1751 Quidum?

886 1758 1028 1794 Theur.
1057 1757 1120 1796 Sic
1137 1757 1229 1809 quia
1256 1759 1308 1796 20

205 1808 313 1847 Foris
331 1809 546 1848 ambulatis.
589 1811 716 1848 Natus
734 1822 846 1848 nemo
864 1810 904 1847 in
923 1810 1066 1849 aedibus

203 1863 350 1910 Servat,
370 1875 491 1914 neque
510 1864 576 1914 qui
593 1863 775 1911 recludat,
794 1876 918 1914 neque
935 1864 1003 1914 qui
1019 1864 1253 1915 respondeat.

206 1915 397 1954 Pultando
410 1916 569 1966 pedibus
587 1929 694 1969 paene
713 1916 878 1967 confregi
895 1916 1005 1955 hasce
1022 1919 1164 1955 ambas.

1044 1972 1164 2008 Tran.
1189 1970 1306 2010 Eho!

205 2022 274 2061 An
287 2029 330 2060 tu
346 2022 501 2074 tetigisti
517 2023 586 2062 has
604 2023 740 2062 aedeis.
730 2025 748 2051 ⁹

731 2078 872 2115 TJaeur.
903 2076 983 2116 Cur
996 2089 1073 2116 non
1086 2083 1279 2129 tangerem
1290 2077 1308 2114 ?

197 2129 309 2177 Quin
326 2129 522 2181 pultando,
539 2130 711 2181 inquam,
731 2143 839 2183 paene
856 2130 1023 2183 confregi
1040 2131 1162 2171 foreis.
1254 2133 1306 2168 25

208 2184 328 2222 Tran.
358 2182 601 2234 Tetigistin’?
