1435 2400
251 66 430 106 MILES
460 66 793 105 GLORIOSUS.
824 67 910 119 ῌΙ.
945 66 979 103 l.
1086 65 1166 103 219

56 175 189 224 Perip.
214 173 357 223 Immo,
372 173 524 224 hospes,
537 172 662 223 magis
676 184 795 224 quom
813 171 1027 224 periculum
1040 169 1167 219 facies,

212 227 334 278 magis
353 239 482 265 nosces
499 238 627 264 meam
1115 226 1167 262 40

54 279 284 318 Comitatem
304 293 392 331 erga
410 288 447 318 te
466 286 672 318 amantem.

472 334 606 371 Pleas.
638 332 747 380 Quid
765 345 861 383 opus
880 339 971 370 nota
988 330 1167 370 noscere?

53 388 190 437 Perip.
225 388 282 426 Ut
308 386 411 438 apud
439 395 477 424 te
503 386 725 437 exemplum
756 385 982 438 experiundi
1009 386 1164 432 habeas,

211 453 260 478 ne
278 449 384 492 petas
402 440 492 479 foris
506 455 517 477 z

51 491 174 542 Nam,
193 495 261 545 qui
278 495 358 545 ipse
375 493 480 532 haud
498 493 654 541 amavit,
672 506 772 544 aegre
789 492 952 531 amantis
969 491 1167 543 ingenium

212 560 270 586 ins
298 556 373 585 ιω.

50 601 107 638 Et
130 613 200 651 ego
221 561 360 638 augitis
382 601 624 652 aliquantum
647 601 784 645 habeo,
810 599 1060 651 humorisque
1080 610 1167 637 meo

213 655 328 692 etiam
348 654 387 692 in
406 667 582 705 corpore:

52 707 191 758 Neque
207 707 302 753 dum
321 707 457 760 exalsui
466 721 521 765 βξ
538 708 696 746 amoenis
714 709 827 746 rebus
846 713 884 745 et
900 704 1137 758 voluptariis,

53 760 129 798 Vel
147 751 521 809 cavillafof'faftc'efu's‚'
534 758 596 800 {el
615 762 772 800 conviva
789 759 1013 798 commodus
1115 758 1167 796 46

53 813 154 852 Item
174 827 259 853 ero:
291 827 415 866 neque
440 828 509 866 ego
533 827 706 867 unquam
731 815 927 853 oblocutor
949 825 1035 852 sum
1060 811 1169 851 alteri

211 880 253 905 ln
271 881 454 906 convivio.

52 920 371 1013 Inoemmffltaoe
406 922 592 961 abstinere
627 935 691 961 me
721 921 825 974 apud
855 920 1033 960 convivas
1064 932 1169 958 oom-

53 988 326 1088 Commeitrliipi‘i
347 1035 384 1066 et
400 1040 497 1067 meae
514 1029 694 1067 orationis
712 1030 858 1078 justam
876 1035 1025 1080 partem
1041 1038 1168 1078 perse-

51 1133 107 1172 Et
142 1094 280 1172 meglrgl
293 1109 451 1195 {partem
486 1135 620 1174 itidem
653 1144 787 1183 tacere,
826 1147 945 1186 quom
979 1134 1103 1172 aliena
1116 1133 1171 1225 :sg

212 1195 307 1225 orati
332 1216 342 1226 .
1113 1200 1138 1224 a

52 1201 430 1332 Minumeuzpuzator,
443 1249 603 1281 scrmtor
617 1255 718 1290 sum,
733 1241 866 1281 itidem
876 1241 1050 1280 minume
1062 1252 1172 1279 muc-

53 1347 163 1396 Post‚
186 1307 335 1398 Ecghgesi
358 1361 446 1386 sum
473 1356 600 1396 natus,
629 1361 705 1387 non
729 1349 769 1386 in
797 1349 955 1400 Apulis,
981 1360 1059 1386 non
1084 1359 1171 1386 sum

216 1400 275 1449 [in
295 1402 491 1454 Umbria]

54 1456 188 1493 Pleus-
217 1455 256 1493 Ο
280 1455 453 1506 lepidum
476 1455 654 1504 senieem,
679 1456 724 1505 si,
751 1468 848 1507 quas
871 1461 1072 1503 memorat,
1096 1454 1173 1492 vir-

212 1515 312 1546 tutes
330 1509 473 1554 habet·;
942 1525 947 1529 ·

53 1562 188 1613 Atque
213 1562 390 1642 equ'idem
421 1562 535 1613 plane
560 1562 739 1601 eductum
765 1562 805 1600 'm
830 1562 1021 1601 nutricatu
1047 1561 1172 1600 Vene-

214 1627 272 1652 no
285 1644 295 1653 .

57 1669 195 1718 Perip.
222 1668 318 1707 Plus
336 1669 448 1718 dabo,
469 1682 586 1722 quam
606 1670 832 1722 praedicabo,
849 1683 896 1709 ex
915 1682 978 1707 me
995 1676 1173 1708 venusta-

216 1721 264 1759 tis
282 1722 366 1760 tibi.
1120 1723 1172 1758 55

58 1774 197 1825 Neque
223 1787 292 1824 ego
315 1776 364 1813 ad
390 1788 564 1815 mensam
591 1777 762 1827 publioes
789 1789 847 1815 τω
875 1777 1013 1823 clamo,
1046 1787 1174 1827 neque

216 1827 318 1878 leges
335 1842 469 1878 crepo;

58 1881 198 1931 Neque
231 1893 301 1930 ego
315 1895 502 1943 unquam
535 1884 703 1922 alienum
736 1891 902 1922 scortum
931 1882 1098 1933 subigito
1133 1881 1174 1918 in

218 1945 417 1980 convivw3

57 1987 200 2039 Neque
220 1988 397 2078 ξιξίει-ἰρίο
418 1990 727 2040 pulpamentum,
753 2003 878 2042 neque
904 1995 1090 2040 praevorto
1107 2000 1176 2040 po-

68 2060 71 2064 ·
285 2053 378 2086 um3

59 2093 199 2146 Neque
216 2107 283 2154 per
300 2094 434 2156 vinum
452 2107 625 2147 unquam
644 2110 693 2136 ex
712 2109 777 2136 me
794 2096 963 2136 exoritur
978 2095 1177 2134 dissidium

222 2159 261 2184 in
280 2159 468 2187 convivio.
