1435 2400
309 87 387 124 232
508 86 686 126 MILES
715 86 1049 127 GLORIOSUS.
1078 86 1164 126 111.
1190 87 1228 126 3.

307 194 428 230 Acro.
457 193 609 245 Nempe
627 193 812 232 ludificari
829 192 1001 231 Militem
1019 200 1132 231 tuum
1149 193 1282 231 herum
1303 191 1358 231 vis
1371 195 1390 231 Ξ)
1421 203 1425 210 “

987 248 1073 284 Pal.
1102 246 1267 284 Elocuta
1285 259 1336 284 es.
1364 246 1415 283 32

308 300 429 336 Acro.
456 299 604 350 Lepide
629 306 666 337 et
693 300 892 351 sapienter,
918 299 1114 338 commode
1140 306 1177 337 et
1199 299 1332 347 facete,
1359 311 1426 336 res.

467 361 599 402 parata
617 360 682 390 est.

308 407 397 443 Pal.
427 406 562 456 Atque
579 406 695 455 hujus
715 418 872 444 uxorem
892 417 971 443 esse
990 412 1027 444 te
1043 406 1129 444 volo
1146 405 1380 444 assimulare.

1171 459 1290 496 Acro.
1318 457 1416 496 Fiet.

308 514 396 550 Pal.
423 511 545 559 Quasi
565 512 688 550 Militi
706 511 878 550 animum
897 511 1089 560 adjeceris,
1109 511 1299 549 simulare.
1429 519 1431 522 ⁴

855 565 974 602 Acro.
1003 565 1065 603 Sic
1081 564 1255 602 futurum
1275 566 1334 602 'st.
1361 564 1413 601 35

308 620 396 656 Pal.
426 618 622 669 Quasique
639 618 720 656 haec
737 630 794 656 res
812 630 879 668 per
897 630 959 655 me
975 618 1232 669 interpretem,
1253 624 1290 655 et
1307 624 1414 654 tuam

466 672 657 719 ancillam,
676 679 838 722 geratur.

306 725 427 763 Acro.
455 725 588 763 Bonus
620 733 722 763 vates
753 732 901 775 poteras
933 737 1034 762 esse:
1073 736 1178 772 nam,
1209 736 1295 775 quae
1324 728 1413 761 sunt

463 777 607 826 futura,
628 777 734 815 dicis.

307 832 394 869 Pal.
423 830 620 881 Quasique
643 831 831 868 annulum
857 831 960 868 hunc
988 829 1168 869 ancillula
1192 836 1260 868 tua
1285 831 1352 868 abs
1375 835 1413 867 te

465 884 641 922 detulerit
658 883 706 921 ad
724 896 801 932 me,

305 937 435 985 Quem
455 949 524 987 ego
544 937 667 974 Militi
685 936 815 975 darem
834 937 909 975 tuis
928 937 1062 975 verbis.

1042 991 1162 1029 Acro.
1187 990 1290 1029 Vera
1307 989 1413 1027 dicis.

306 1045 438 1094 Perip.
473 1042 579 1090 Quid
594 1042 675 1081 istis
693 1055 795 1080 nunc
812 1042 1029 1082 memoratis
1046 1043 1185 1094 opu'st,
1204 1056 1290 1094 quae
1308 1055 1412 1081 com-

465 1096 671 1134 meminere
685 1099 702 1133 Ρ

711 1151 825 1188 Acro.
854 1150 1044 1188 Meliu'st.
1359 1150 1412 1188 40

305 1203 427 1249 Nam,
460 1203 515 1240 mi
550 1209 720 1253 patrone,
755 1203 826 1241 hoc
855 1203 1041 1253 cogitato:
1071 1204 1152 1244 Ubi
1186 1205 1327 1255 probus
1358 1208 1415 1241 est

463 1255 700 1304 architectus,

303 1310 411 1348 Bene
429 1309 610 1347 lineatam
628 1309 659 1347 si
677 1309 792 1347 semel
811 1309 977 1347 carinam
997 1311 1208 1359 collocavit,

304 1363 432 1402 Facile
462 1375 539 1400 esse
559 1374 697 1400 navem
724 1363 859 1411 facere,
882 1363 950 1401 ubi
970 1363 1130 1403 fundata
1151 1371 1189 1402 et
1212 1361 1413 1402 constituta

466 1422 535 1453 est.

302 1471 345 1508 N
348 1482 422 1507 unc
440 1468 522 1507 haec
539 1468 664 1507 carina
687 1469 778 1507 satis
796 1470 912 1520 probe
929 1468 1088 1508 fundata
1105 1477 1142 1509 et
1159 1471 1255 1508 bene
1273 1475 1414 1507 statuta

466 1529 532 1559 est.

302 1575 455 1614 Assunt
482 1575 581 1613 fabri
612 1575 881 1626 architectique
911 1588 934 1613 a
960 1588 1038 1625 me,
1070 1589 1093 1614 a
1124 1583 1176 1625 te,
1206 1576 1310 1615 haud
1337 1576 1413 1615 im-

493 1628 586 1665 enfi-

306 1682 348 1720 Si
366 1693 444 1719 non
461 1640 530 1770 {os
547 1680 784 1719 materiarius
809 1688 1033 1730 remoratur,
1053 1682 1157 1734 quod
1181 1696 1258 1735 opu
1261 1681 1324 1731 ’st‚
1342 1632 1412 1735 qffi

489 1741 539 1781 et,
634 1742 653 1745 ‘⁷

304 1787 433 1830 (Novi
451 1786 618 1824 indolem
636 1787 755 1824 nostri
772 1787 920 1838 ingeni)
942 1788 1014 1826 cito
1033 1789 1102 1827 erit
1119 1797 1251 1840 parata
1266 1789 1384 1828 navis.

304 1843 392 1880 Pal.
423 1840 576 1890 Nempe
593 1847 635 1877 tu
653 1841 792 1878 novisti
809 1841 995 1889 Militem,
1015 1854 1145 1880 meum
1165 1843 1323 1881 herum.
1312 1843 1330 1869 '³

874 1895 992 1932 Acro.
1020 1895 1172 1946 Rogare
1189 1897 1332 1934 mirum
1351 1896 1409 1934 'st-

304 1946 445 1998 Populi
476 1946 607 1983 odium
639 1946 774 1997 quidni
808 1947 992 1995 noverim,
1028 1949 1301 2007 magnidicum,
1330 1949 1410 2020 cin-

462 1999 671 2046 cinnatum,
1042 2018 1045 2019 ⁷
1107 2003 1149 2025 ‘⁶
1172 2000 1216 2022 'Y’

302 2052 502 2091 Moechum
522 2060 826 2102 unguentatum.
816 2056 833 2081 '³
1133 2054 1136 2056 ’

462 2107 548 2144 Pal.
572 2105 682 2145 Num
700 2106 766 2145 ille
784 2107 898 2145 etiam
916 2114 954 2146 te
971 2108 1105 2146 novit?

844 2162 962 2200 Acro.
992 2162 1205 2214 Nunquam
1224 2161 1330 2201 vidit.
1358 2163 1410 2200 50

1351 2023 1433 2075 If.
