1435 2400
415 107 695 147 EPIDICUS.
724 107 808 146 III.
840 108 874 144 l.
1144 106 1196 150 57

89 213 260 264 Epidice,
280 226 324 252 eo
340 213 439 253 veni.

351 268 472 319 Epid.
500 268 564 305 Ne
587 268 712 316 abeas,
737 267 962 319 priusquam
988 279 1058 318 ego
1083 266 1130 305 ad
1153 274 1190 305 te

85 375 219 425 Apoec.
246 375 379 427 Usque
396 333 603 425 opgggg?‘

270 430 434 477 Periph.
461 428 625 478 Sequere
642 434 685 465 tu
702 427 814 466 intro.

201 476 205 482 '
342 481 462 532 Epid.
481 481 518 528 Ι,
538 492 719 519 numera:
741 481 797 518 nil
815 493 884 532 ego
900 487 938 519 te
955 493 1093 519 moror.
1116 480 1191 518 120

325 641 511 681 ACTUS
538 641 598 679 II.
652 640 838 680 SCENA
867 642 954 682 ΙΙΙ.

521 747 756 788 Emmcus,

86 859 251 898 Nullum
269 870 349 897 esse
366 856 499 909 opinor
517 867 586 905 ego
605 868 741 906 agrum
759 856 799 894 in
819 870 908 908 agro
925 858 1059 896 Attico

84 913 213 964 AEque
228 912 403 958 feracem,
423 921 540 960 quam
557 909 620 946 hic
638 916 694 947 est
712 918 836 948 noster
851 911 1107 963 Periphanes:

84 965 189 1013 Quin
209 979 255 1004 ex
274 965 422 1003 occluso
439 970 553 1012 atque
571 962 768 1013 obsignato
783 965 944 1004 armario

84 1018 247 1057 Decutio
264 1017 409 1068 argenti
427 1023 590 1063 tantum,
612 1023 800 1066 quantum
818 1018 915 1054 mihi
932 1019 1050 1057 lubet·

85 1071 214 1118 Quod,
233 1070 340 1121 (pol)
362 1082 430 1119 ego
448 1075 592 1113 metuo,
613 1069 644 1105 si
662 1081 776 1107 senex
793 1071 992 1120 resciverit,
1166 1072 1192 1108 5

85 1125 148 1162 Ne
166 1125 289 1161 ulmos
307 1122 487 1173 parasitos
504 1120 629 1168 faciat,
650 1135 736 1172 quae
754 1135 875 1172 usque
894 1125 1125 1163 attondeant.

87 1177 161 1216 Sed
179 1190 241 1214 me
259 1189 336 1214 una
353 1176 480 1212 turbat
497 1185 555 1210 res
572 1174 756 1224 ratioque,
777 1176 952 1226 Apoecidi

88 1231 218 1277 Quam
236 1228 430 1268 ostendam
449 1225 640 1264 fidicinam
659 1227 789 1278 aliqua
803 1229 1087 1269 conducticiam.

84 1288 217 1334 Atque
233 1283 274 1320 id
292 1293 443 1333 quoque
461 1279 595 1317 habeo,
650 1280 771 1318 Mane
790 1294 852 1319 me
867 1283 980 1331 jussit
1000 1296 1114 1322 senex

88 1337 306 1375 Conducere
323 1334 491 1384 aliquam
509 1332 700 1371 fidicinam
720 1334 792 1371 sibi
809 1334 885 1372 huc
903 1335 1076 1385 domum,
1144 1337 1193 1375 10

88 1389 196 1428 Dum
214 1402 294 1427 rem
313 1387 481 1424 divinam
498 1385 647 1430 faceret,
667 1394 831 1424 cantaret
850 1388 934 1427 sibi.

87 1443 148 1481 Ea
165 1442 415 1484 conducetur3
446 1446 560 1489 atque
579 1440 613 1477 ei
630 1442 992 1493 praemonstrabitur,

86 1495 176 1543 Quo
192 1503 302 1547 pacto
315 1493 381 1531 fiat
399 1492 558 1530 subdola
576 1492 755 1531 advorsus
773 1507 912 1532 senem.

88 1549 160 1587 Ibo
176 1549 300 1595 intr03
328 1553 528 1598 argentum
549 1546 730 1598 accipiam
749 1548 797 1585 ab
811 1548 993 1588 damnoso
1012 1562 1109 1589 sene.

342 1707 527 1747 ACTUS
556 1706 638 1745 ΙΙΙ.
697 1707 882 1748 SCENA
911 1709 946 1747 Ι.

265 1814 662 1853 STRATIPPOCLES.
696 1813 1030 1855 Cnfflmssctus.

92 1927 210 1962 Strat.
235 1919 504 1971 Exspectando
527 1919 665 1958 exedor
688 1921 815 1971 miser,
844 1928 958 1973 atque
985 1933 1194 1975 exenteror,

249 1972 439 2024 quomodo
455 1972 553 2010 mihi

90 2027 240 2080 Epidici
256 2025 397 2065 blanda
415 2025 513 2063 dicta
531 2026 715 2064 eveniant.
771 2028 899 2067 Nimis
918 2029 984 2068 diu
1003 2043 1182 2071 maceror.

90 2083 196 2122 Sitne
213 2079 321 2132 quid,
338 2090 456 2117 necne
473 2078 534 2126 sit,
554 2079 647 2117 scire
664 2081 787 2132 cupio.

571 2134 701 2173 Chaer.
727 2135 803 2173 Per
819 2135 926 2174 illam
945 2137 1014 2176 tibi
1032 2139 1195 2189 copiam,
