1435 2400
390 57 731 97 MERCATOR.
756 57 810 95 V.
840 59 877 95 4.
1112 57 1187 101 187

83 163 235 212 Lysim.
263 161 454 213 Eutyche,
484 164 582 202 hanc
613 164 699 202 volo
723 163 828 214 prius
858 176 939 202 rem
968 163 1044 214 agi,
1074 176 1192 214 quam

239 228 370 253 meum
388 217 487 254 intro
505 218 624 255 refero
641 216 788 268 pedem.
1141 218 1193 254 50

84 270 182 307 Eut.
213 268 321 316 Quid
339 269 436 308 istuc
454 270 537 308 aet?

274 324 426 373 Lysim.
456 324 574 362 Suam
594 323 754 375 quisque
772 323 888 361 homo
906 336 986 361 rem
1005 323 1191 361 meminit.

378 376 582 427 Responde
599 377 719 415 mihi:

86 428 238 467 Certon'
258 429 328 468 scis
345 441 422 467 non
441 443 656 469 succensere
672 430 769 469 mihi
788 438 896 468 tuam
916 430 1105 467 matrem?

973 485 1068 520 Eut.
1100 483 1197 522 Scio.

89 538 241 587 Lysim.
269 536 382 575 Vide.

298 593 395 629 Eut.
427 590 499 629 Me
518 591 616 629 vide.

494 647 648 695 Lysim.
681 644 780 683 Satis
797 643 932 682 habeo.
971 644 1044 689 At,
1066 655 1196 694 quaeso

600 696 790 748 (hercle),
811 697 926 735 etiam
943 697 1043 735 vide.

87 754 184 790 Eut.
213 751 304 790 Non
323 751 420 790 mihi
438 752 556 791 credis
572 752 586 790 ?

191 806 343 855 Lysim.
363 806 506 853 Immo,
527 806 661 845 credo:
692 804 759 843 sed
775 811 905 843 tamen
922 812 1053 842 metuo
1071 804 1201 843 miser.

85 861 217 898 Demi.
246 859 394 897 Eamus
411 859 524 897 intro.

190 914 286 950 Eut.
315 912 458 959 Immo,
479 913 649 951 dicamus
667 913 820 951 senibus
837 913 952 963 leges,
973 924 1117 958 censeo,
1147 913 1198 948 55

70 966 317 1017 ‘Priusquam
335 967 530 1015 abeamus,
543 979 638 1018 quas
655 966 756 1017 legae
772 973 937 1013 teneant,
958 965 1199 1016 contentique

246 1026 332 1056 Slnt·

86 1074 223 1112 Annos
242 1080 354 1110 natus
373 1072 570 1123 sexaginta
587 1072 654 1124 qui
673 1073 756 1119 erit,
776 1073 809 1110 si
827 1085 943 1123 quem
962 1071 1155 1119 scibimus,

86 1130 162 1166 Seu
180 1126 376 1173 maritum,
393 1139 459 1164 seu
479 1126 651 1173 (hercle)
670 1126 763 1164 adeo
781 1126 967 1172 coelibem,
991 1125 1196 1172 scortarier,

90 1181 193 1219 Cum
215 1191 258 1217 eo
285 1192 354 1217 nos
379 1179 443 1217 hic
470 1179 553 1231 lege
580 1192 762 1258 agemus.
793 1179 972 1217 inscitum
1001 1178 1198 1216 arbitrabi-

248 1245 347 1270 mur.

87 1288 156 1335 Et,
175 1299 242 1338 per
260 1298 329 1323 nos
347 1285 516 1337 quidem,
539 1286 705 1331 (hercle)
725 1286 863 1336 egebit,
883 1285 951 1337 qui
975 1297 1089 1323 suum
1111 1297 1201 1334 pro-

248 1339 273 1377 d
323 1340 403 1377 erit.
1149 1339 1201 1376 60

90 1395 180 1433 Neu
208 1352 411 1444 qugqguam
439 1393 597 1443 posthac
622 1393 820 1444 prohibeto
851 1391 1125 1430 adolescentem
1156 1391 1201 1428 fi-

249 1447 362 1494 lium,

90 1501 198 1549 Quin
217 1508 333 1546 amet,
353 1507 390 1538 et
408 1508 573 1538 scortum
590 1499 729 1538 ducat·
719 1530 730 1547 ,
752 1498 856 1551 quod
872 1500 972 1537 bono
990 1498 1057 1536 fiat
1073 1497 1201 1536 modo.

91 1556 132 1595 Si
150 1554 235 1606 quis
254 1553 501 1604 prohibuerit,
521 1554 609 1605 plus
631 1513 778 1605 perdetq
784 1553 896 1600 clam,
916 1565 1034 1604 quam
1057 1551 1087 1589 si
1105 1565 1201 1604 prae-

250 1607 416 1645 hibuerit
434 1607 576 1658 palam.

94 1662 192 1700 Haee
222 1660 316 1698 adeo
347 1670 391 1698 ut
427 1673 475 1699 ex
503 1660 616 1700 hacce
644 1670 753 1700 nocte
784 1660 956 1712 primum
984 1660 1047 1698 lex
1080 1666 1206 1697 teneat

253 1726 370 1752 senoe.

89 1767 197 1806 Bene
223 1767 359 1814 valete,
388 1775 516 1820 atque,
542 1769 808 1817 adolescentes,
835 1767 916 1806 haec
945 1766 976 1805 si
1005 1766 1111 1806 vobis
1138 1766 1204 1804 lex

279 1820 389 1868 lacet,
1152 1820 1204 1856 65

95 1873 160 1913 Ob
179 1832 319 1964 sengtss
333 1874 508 1965 (dhercle)
526 1876 767 1923 industriam,
787 1887 853 1914 vos
872 1887 1027 1926 aequum
1043 1873 1091 1912 'st
1109 1873 1206 1911 clare

254 1940 280 1978 p
320 1940 345 1965 u
373 1941 445 1966 ere.
