1435 2400
374 78 808 119 MOSTELLARIA.
836 80 894 118 n.
924 81 962 117 2.
1143 80 1224 118 283

269 187 411 224 Tlaeur.
443 186 586 237 Tetigi‚
606 186 779 236 inquam,
800 195 838 224 et
854 186 1014 237 pultavi·

571 241 689 277 Tran.
723 239 809 276 vah
825 240 834 276 !

744 293 887 330 Theur.
914 292 1023 340 Quid
1036 300 1117 332 aet.
1107 295 1125 318 ⁹
1153 294 1207 332 26

110 347 230 384 Tran·
262 345 371 384 Male
389 344 562 399 (hercle)
583 345 739 383 factum.

520 400 664 437 Theur.
690 398 798 446 Quid
816 406 870 436 est
884 398 1047 449 negoti?

827 453 946 489 Tran.
975 453 1064 489 Non
1083 460 1207 503 potaet

97 505 200 554 Dici,
222 520 339 558 quam
357 506 559 556 indignum
578 505 723 544 facinus
740 505 860 544 fecisti
878 513 915 543 et
932 505 1092 543 malum.

108 560 251 598 Theur.
282 560 387 604 Quid
402 559 513 609 jam?

197 615 318 652 Tran.
346 613 469 663 Fuge,
489 613 655 658 obsecro,
676 618 790 662 atque
807 611 963 650 abscede
982 613 1030 650 ab
1049 611 1206 651 aedibus.

95 665 204 716 Fuge
222 667 298 705 huc
316 681 328 711 ;
354 666 446 717 fuge
464 665 514 704 ad
531 678 593 703 me
611 665 778 716 propius.
821 665 1040 715 Tetigistin’
1060 665 1172 704 foreis
1186 668 1204 704 ?

102 720 244 757 Tlaeur.
274 718 480 766 Quomodo
498 719 647 770 pultare
665 719 786 770 potui,
807 718 840 756 si
857 731 933 756 non
953 727 1146 770 tangerem
1160 719 1178 756 ⁰?

101 773 221 811 Tran.
250 772 446 819 Occidisti,
465 771 590 810 hercle
608 797 619 808 .
638 800 647 809 .
671 800 678 807 .
699 799 710 809 .

434 826 577 864 Theur.
610 825 739 873 Quem
757 825 956 863 mortalem
970 825 988 862 ?

695 880 815 916 Tran.
843 878 1004 917 omneis
1022 886 1119 918 tuos.
1152 880 1205 918 32

98 932 240 970 Tkeur.
285 932 355 970 Dii
384 940 420 970 te
451 931 621 984 Deaeque
651 943 782 970 omnes
817 930 981 984 [faxint]
1013 945 1101 971 cum
1132 933 1204 972 isto

252 986 379 1024 omine
396 986 406 1022 Ξ

97 1040 218 1077 Tran.
248 1039 401 1085 Metuo,
422 1045 459 1076 te
477 1046 591 1089 atque
608 1037 697 1076 istos
716 1037 867 1088 expiare
882 1046 926 1075 ut
943 1039 1095 1089 possioe.

98 1093 240 1130 Theur.
281 1091 573 1139 Quamobrem?
602 1099 669 1128 aut
694 1103 814 1142 quam
841 1091 968 1130 subito
993 1104 1074 1130 rem
1106 1092 1204 1130 mihi

595 1143 613 1168 9

98 1201 218 1237 Tam.
242 1152 432 1237 ἒῗριῗεῖῗῑ
444 1157 647 1247 Ἒῖἷῖωῡίοε
671 1197 777 1235 illinc
797 1197 971 1249 (amabo)
991 1147 1205 1238 abscede&

104 1254 248 1291 Theur.
275 1250 494 1290 Abscedite.

439 1306 561 1342 Tran.
588 1303 724 1343 AEdeis
741 1316 789 1343 ne
806 1304 994 1355 attingite
1032 1303 1200 1357 Tangite

89 1359 172 1398 Vos
190 1371 342 1411 quoque
359 1365 510 1396 terram.

241 1413 384 1450 Theur.
415 1411 584 1450 Obsecro
605 1411 790 1459 (hercle),
809 1411 903 1464 quin
921 1410 1118 1462 eloquere
1103 1424 1200 1460 Jam-

98 1468 219 1505 Tran.
246 1465 352 1513 Quia
379 1472 523 1516 septem
553 1477 701 1503 menses
731 1474 834 1513 sunt,
868 1477 986 1516 quom
1016 1464 1054 1502 in
1089 1464 1202 1505 hasce

249 1518 361 1557 aedeis
378 1518 512 1569 pedem

90 1574 218 1613 Nemo
235 1572 335 1610 intro
352 1571 493 1619 oetulit,
513 1572 630 1610 semel
647 1578 692 1609 ut
710 1570 991 1622 emigravimus.
1147 1574 1200 1611 40

99 1628 243 1665 Theur.
269 1625 475 1677 Eloquere,
492 1625 586 1677 quid
603 1625 657 1663 ita
668 1624 686 1661 ⁰?

390 1679 512 1717 Traa.
541 1677 908 1728 Circumspicedum,
927 1678 1110 1730 numquis
1128 1687 1196 1727 est,

92 1735 315 1772 Sermonem
332 1740 504 1770 nostrum
522 1732 591 1784 qui
608 1741 782 1782 aucupet.

681 1786 787 1824 Thea
793 1799 826 1822 r.
842 1784 994 1823 Tutum
1005 1787 1122 1837 probe
1136 1786 1196 1824 'st.

97 1842 218 1878 Tran.
245 1838 499 1889 Circumspice
517 1839 644 1877 etiam.

397 1893 539 1929 Theur.
568 1892 696 1931 Nemo
714 1893 786 1930 ἐις
816 1892 970 1944 loquere
987 1904 1090 1931 nunc
1106 1894 1199 1931 iam.

96 1948 217 1985 Tran.
248 1944 430 1996 Capitalis
448 1945 559 1983 caedis
578 1946 676 1984 facta
690 1947 748 1984 'st.

495 1999 637 2036 Theur.
667 1999 775 2046 Quid
792 1999 878 2037 aet?
906 1999 996 2037 Non
1015 1998 1199 2048 intelligo.

97 2054 217 2091 Tran.
247 2051 377 2090 Scelus
397 2050 590 2102 (inquam)
606 2052 751 2091 factum
763 2055 813 2090 ’st
826 2052 976 2102 jamdiu
995 2052 1197 2102 antiquum

248 2113 285 2143 et
303 2112 424 2143 vetus.
1146 2105 1197 2141 45

88 2157 311 2209 Antiquum
330 2157 370 2197 id
388 2157 481 2197 adeo
498 2169 567 2197 nos
583 2169 686 2198 nunc
703 2159 847 2199 factum
865 2158 1090 2197 invenimus.
