1435 2400
222 80 301 117 242
420 79 598 119 MILES
627 79 961 120 GLORIOSUS.
990 79 1066 119 IV.
1094 81 1134 119 3.

222 186 353 229 Quam
371 194 524 238 propter
541 200 654 238 opera
673 188 720 225 ’st
738 187 846 225 mihi,
902 186 1107 238 Numquid
1126 185 1182 224 vis
1196 189 1214 224 Ρ

417 243 545 290 Pyrg.
574 241 637 278 Ne
655 241 775 291 magis
795 241 866 278 sim
885 240 1056 291 pulcher,
1078 252 1196 291 quam
1215 251 1325 278 sum:

222 293 286 330 Ita
303 305 365 331 me
383 306 468 332 mea
485 294 607 331 forma
626 294 825 331 sollicitum
846 293 971 331 habet.

380 349 469 385 Pal.
498 346 604 390 Quid
621 346 684 385 hic
701 359 803 384 nunc
819 346 920 384 stas?
949 346 1042 397 quin
1061 346 1168 384 abis?

941 401 999 438 M
999 401 1091 449 ilph.
1120 400 1243 437 Abeo.
1276 400 1326 450 95
1347 418 1435 454 ,m

220 454 309 490 Pal.
329 453 463 504 Atque
477 454 584 502 adeo,
601 453 745 491 audi’n’
762 460 804 490 tu
818 455 836 491 ἶ)
867 453 980 491 dicito
995 453 1102 490 docte
1119 460 1156 490 et
1169 452 1331 490 cordate.

824 508 881 544 M
883 508 973 556 ilph.
1003 507 1059 544 Ut
1077 519 1139 544 cor
1158 506 1190 543 ei
1209 505 1332 542 saliat.

222 558 307 597 Pal.
327 559 602 597 Philocomasio
616 560 692 608 dic,
708 560 739 598 si
752 567 806 598 est
818 560 895 608 hic,
909 560 1067 598 domum
1082 565 1126 596 ut
1139 565 1327 596 transeat:

378 613 480 649 hunc
499 612 563 651 hic
582 626 670 651 esse.

220 667 278 703 M
279 666 370 716 ilph.
399 666 479 703 Hic
498 678 586 703 cum
605 667 691 705 me&⁴
708 667 800 704 her&⁴
819 667 889 713 'st;
918 666 1016 705 clam
1035 672 1207 703 nostrum
1225 664 1329 702 hunc

378 731 587 757 sermonem
607 721 860 770 sublegerunt.

221 773 312 810 Pal.
334 771 479 822 Lepide
493 772 635 810 factum
651 772 720 810 'stz
750 774 831 822 jam
851 786 898 810 ex
918 784 1088 811 sermone
1104 771 1176 810 hoc
1193 771 1331 822 guber-

379 827 527 863 nabunt
546 825 693 864 doctius
711 839 822 877 porro

220 878 334 917 Rem.

272 933 423 981 Milph.
442 931 512 968 Me
530 944 687 970 morare.

512 986 604 1022 Pal.
629 985 767 1029 Abeo;
798 997 921 1035 neque
939 992 977 1022 te
994 997 1133 1030 moror,
1153 996 1275 1035 neque
1293 993 1329 1023 te

598 1046 728 1088 tango,
747 1051 869 1089 neque
891 1036 959 1086 [te.
1003 1036 1165 1089 Taceo.]
1253 1038 1328 1075 100

219 1092 347 1140 Pyrg.
376 1091 406 1129 J
407 1092 482 1128 ube
500 1098 688 1129 maturate
706 1092 815 1129 illam
832 1090 934 1129 exire
951 1091 1039 1128 huc.
1083 1091 1112 1128 J
1115 1103 1178 1128 am
1195 1091 1257 1129 isti
1275 1091 1328 1128 rei

377 1151 659 1196 praevortemur.

451 1250 639 1289 ACTUS
668 1250 744 1289 IV.
799 1250 984 1289 SCENA
1013 1248 1098 1287 ΙΙΙ.

396 1355 828 1396 PYRGoPoLlNICEs.
859 1357 1154 1394 PALAESTRIO.

216 1463 346 1511 Pyrg.
372 1461 481 1508 Quid
511 1463 609 1500 mihi
639 1474 744 1500 nunc
775 1476 813 1502 es
841 1469 972 1501 auctor
998 1468 1043 1499 ut
1069 1461 1221 1510 faciam,
1249 1461 1325 1499 Pa.

377 1516 528 1563 laestrio‚

216 1567 279 1605 De
297 1569 508 1607 concubine,
523 1572 540 1607 Ρ
568 1582 660 1607 nam
678 1569 785 1607 nullo
803 1576 913 1620 pacto
930 1574 1055 1619 potest

217 1620 330 1658 Prius
348 1621 430 1659 haec
446 1622 487 1659 in
507 1622 618 1660 aedeis
636 1622 766 1672 recipi,
786 1635 903 1673 quam
921 1622 1028 1659 iilam
1047 1621 1250 1659 omiserim.

216 1675 305 1712 Pal.
336 1673 444 1721 Quid
468 1687 532 1712 me
549 1676 753 1724 consultas,
773 1674 866 1726 quid
894 1688 984 1726 agas
997 1677 1015 1713 ?
1043 1675 1124 1713 dixi
1149 1674 1325 1726 equidem

375 1727 457 1773 tibi,

215 1780 307 1828 Quo
323 1787 433 1830 pacto
451 1780 491 1818 id
509 1780 588 1818 fieri
606 1782 724 1832 possit
742 1781 1058 1820 clementissume.
1301 1783 1326 1818 5

215 1835 371 1870 Aurum
386 1842 500 1884 atque
514 1842 657 1872 vestem
672 1848 824 1872 omnem
838 1834 1064 1873 muliebrem
1074 1834 1213 1873 habeat
1226 1834 1299 1873 sibi
1311 1847 1324 1880 ς

215 1886 317 1933 Quae
334 1886 392 1923 ini
409 1887 636 1936 instruxisti,
657 1896 798 1935 sumat,
816 1889 968 1935 habeat,
986 1888 1145 1926 auferat.

214 1939 407 1990 Dicasque
421 1948 570 1992 tempus
584 1954 813 1980 maxumum
827 1954 921 1989 esse,
937 1949 981 1979 ut
995 1949 1055 1980 eat
1066 1942 1226 1979 domum
1240 1955 1250 1978 :

216 1992 391 2030 Sororem
409 1994 603 2044 geminam
621 1995 750 2033 adesse
769 2003 806 2033 et
823 2003 999 2042 matrem,
1019 1994 1147 2042 dicito,

215 2045 368 2091 Quibus
387 2048 635 2085 concomitata
652 2056 749 2087 recte
767 2049 942 2087 deveniat
959 2048 1131 2086 domum.
1274 2047 1322 2083 10

217 2100 349 2148 Pyrg.
379 2100 461 2148 Qui
480 2108 522 2138 tu
542 2101 611 2140 scis
629 2114 690 2141 eas
709 2102 863 2141 adesse?

804 2157 892 2194 Pal.
920 2154 1025 2199 Quia
1042 2154 1160 2194 oculis
1177 2153 1271 2192 meis
