1435 2400
247 58 326 97 336
615 60 812 99 PERSA.
844 60 927 98 111.
960 60 995 96 l.

245 164 496 216 Quamquam
515 166 674 205 libenter
693 167 784 205 escis
802 167 935 205 alienis
949 165 1090 210 studes,

246 217 368 256 Tuin’
387 220 525 257 ventris
545 221 656 258 caus&
675 221 791 258 filiam
813 220 944 258 vendis
963 226 1070 257 tuam
1085 219 1104 256 ?
1307 213 1357 250 10

245 272 331 309 Sat.
359 272 523 320 Mirum,
545 274 638 325 quin
657 274 754 323 regis
770 273 942 325 Philippi
960 271 1086 317 caust'i,
1106 276 1173 308 aut
1189 266 1330 313 Attali,

247 325 307 362 Te
325 326 452 376 potius
470 327 646 372 vendam,
667 341 783 378 quam
803 327 903 374 mea,
924 340 1010 377 quae
1030 325 1079 364 sis
1096 336 1194 362 mea.

254 380 289 415 V
288 380 366 429 irg.
395 380 537 417 Utrum
558 389 599 418 tu
619 393 688 431 pro
707 380 845 419 ancilla
858 393 920 418 me
938 381 1069 425 habes,
1089 389 1138 415 an
1157 387 1226 427 pro
1246 373 1325 412 fili&
1338 373 1359 410 ’ἶ

246 434 325 469 Sat.
355 433 497 471 Utrum
517 433 685 483 (hercle)
701 435 824 485 magis
842 434 882 471 in
901 433 1039 473 ventris
1058 444 1137 469 rem
1157 427 1360 467 videbitur.

245 484 386 523 Meum
407 486 578 537 (opinor)
596 487 801 539 imperium
820 488 859 525 in
879 494 931 534 te,
946 499 1021 524 non
1038 485 1077 522 in
1096 497 1158 521 me
1177 481 1247 520 tibi
1264 480 1324 518 'st-

255 539 365 588 Virg.
398 539 488 578 Tua
506 540 607 578 istaec
626 548 789 591 potestas
808 548 876 587 est,
891 548 1008 592 pater.
1046 538 1339 580 Verumtamen,

245 590 496 643 Quamquam
508 606 565 631 res
583 601 718 632 nostrae
737 601 839 641 sunt,
860 601 979 644 pater,
995 589 1250 644 pauperculae,
1310 586 1358 631 17

244 644 401 683 Modice
419 653 457 683 et
474 647 641 684 modeste
657 647 827 685 meliu'st
844 647 961 684 vitam
980 647 1127 684 vivere:

244 698 366 746 Nam,
387 699 417 737 si
436 699 484 737 ad
502 707 763 751 paupertatem
783 700 998 750 admigrant
1015 697 1196 744 infamiae,

246 751 408 789 Gravior
425 760 628 803 paupertas
648 754 704 800 fit,
725 753 818 792 fides
837 753 1048 792 sublestior.
1305 748 1357 785 20

245 806 334 843 Sat.
365 805 573 844 Enimvero
586 807 717 845 odiosa
735 820 786 845 es.

467 860 578 908 Virg.
613 859 703 897 Non
723 873 808 897 sum
823 873 835 904 ς
866 872 990 910 neque
1008 872 1070 897 me
1088 870 1166 896 esse
1184 853 1358 900 arbitror,

245 911 392 959 Quom,
411 925 527 963 parva
547 919 654 959 natu,
675 921 773 951 recte
789 913 966 963 praecipio
984 912 1091 963 patri.

243 965 350 1003 Nam
369 965 514 1003 inimici
533 966 675 1003 famam
695 979 771 1004 non
790 967 857 1013 ita,
878 973 921 1004 ut
939 974 1028 1004 nata
1046 972 1114 1011 est,
1134 964 1273 1002 ferunt.

244 1020 329 1056 Sat.
358 1018 513 1065 Ferant,
535 1027 697 1071 eantque
711 1020 751 1057 in
769 1032 994 1057 maxumam
1012 1020 1156 1057 malam
1173 1029 1334 1056 crucem.

244 1071 334 1109 Non
354 1084 424 1123 ego
442 1072 656 1111 inimicitias
674 1074 818 1111 omneis
836 1073 956 1124 pluris
974 1073 1133 1118 aestimo,
1306 1072 1357 1108 25

243 1125 376 1172 Quam
387 1137 519 1164 mensa
535 1126 657 1164 inanis
676 1139 778 1165 nunc
793 1127 823 1165 si
842 1133 1055 1177 apponatur
1072 1125 1181 1163 mihi.

251 1180 365 1227 Virg.
395 1179 522 1225 Pater,
542 1179 743 1217 hominum
762 1180 987 1218 immortalis
1005 1190 1060 1217 est
1077 1178 1261 1216 infamia:

243 1231 375 1269 Etiam
395 1239 479 1270 tum
498 1233 605 1279 vivit,
626 1247 743 1285 quom
762 1246 843 1272 esse
861 1233 988 1272 credas
1005 1240 1209 1270 mortuam.

246 1287 330 1324 Sat.
360 1284 469 1333 Quid
482 1285 500 1322 Ρ
529 1288 683 1335 metuis,
702 1299 751 1325 ne
769 1296 806 1325 te
823 1286 1014 1326 vendam?

819 1343 932 1389 Vz’rg.
963 1339 1054 1378 Non
1073 1346 1217 1384 metuo,
1238 1345 1358 1389 pater.

245 1391 394 1430 Verum
413 1391 627 1431 insimulari
645 1393 745 1432 nolo.

671 1449 754 1485 Sat.
787 1446 847 1483 At
865 1447 1126 1498 nequidquam
1143 1444 1261 1484 nevis.
1302 1445 1356 1482 30

245 1498 341 1537 Meo
356 1498 469 1538 modo
487 1499 590 1538 istud
609 1501 734 1551 potius
753 1501 830 1548 fiet,
852 1513 970 1551 quam
989 1507 1056 1538 tuo

243 1551 344 1589 Fiat.
395 1552 495 1599 Quae
513 1553 573 1592 hae
589 1566 648 1592 res
667 1562 758 1592 sunt
772 1555 791 1591 ἱ)

644 1609 757 1657 Virg.
786 1607 922 1657 Cogita
938 1606 1010 1644 hoc
1028 1607 1202 1653 verbum,
1222 1611 1328 1656 pater
1345 1619 1357 1642 ι

247 1658 379 1696 Herus
399 1659 431 1696 si
448 1659 616 1697 minatus
634 1667 690 1698 est
706 1660 852 1698 malum
873 1672 979 1698 servo
997 1672 1089 1704 suo3

245 1710 466 1750 Tamenetsi
486 1712 526 1749 id
554 1712 732 1751 futurum
757 1726 834 1752 non
861 1720 929 1760 est,
955 1713 1022 1751 ubi
1048 1719 1204 1763 captum
1219 1710 1269 1751 ’st
1290 1711 1360 1750 fla-

477 1778 532 1811 m,

242 1817 353 1855 Dum
371 1778 519 1857 ιυῗᾶαοαε
537 1819 658 1870 ponit,
683 1820 828 1871 quanta
845 1819 1006 1858 afficitur
1023 1818 1197 1859 miseria!
1307 1818 1360 1855 35

241 1871 329 1922 Ego
342 1883 460 1920 nunc,
481 1872 584 1923 quod
597 1885 673 1910 non
692 1873 869 1911 futurum
885 1873 948 1922 ’st‚
967 1874 1131 1912 formido
1150 1881 1298 1911 tamen.

242 1927 327 1963 Sat.
356 1924 479 1975 Virgo
497 1933 612 1977 atque
628 1926 767 1965 mulier
785 1927 892 1965 nulla
909 1927 994 1974 erit,
1014 1927 1107 1978 quin
1127 1927 1176 1964 sit
1193 1925 1309 1974 mala,

242 1978 343 2025 Quae
362 1986 498 2028 praeter
517 1979 651 2029 sapiet,
672 1994 790 2032 quam
808 1981 932 2032 placet
949 1981 1184 2031 parentibus.

248 2034 285 2069 V
286 2034 362 2081 irg.
388 2032 510 2083 Virgo
527 2040 642 2084 atque
658 2035 796 2072 mulier
814 2035 922 2072 nulla
940 2036 1023 2081 erit,
1044 2034 1138 2085 quin
1158 2034 1208 2072 sit
1222 2032 1339 2080 mala,

243 2084 346 2131 Quae
364 2086 507 2131 reticet,
527 2086 558 2124 si
577 2087 671 2138 quid
688 2087 769 2125 fieri
786 2101 959 2139 pervorse
977 2087 1091 2127 videt.
1306 2087 1358 2123 40

247 2140 332 2176 Sat.
368 2139 478 2178 Malo
498 2152 627 2179 cavere
644 2141 812 2180 meliu'st
829 2148 878 2178 te.
