1435 2400
188 93 239 130 92
464 89 854 130 MENAECHMEI.
881 92 941 131 ΙΙ.
971 93 1006 130 1.

193 199 304 235 Erot.
331 197 431 247 Ego,
451 202 488 234 et
507 196 784 245 Menaechmus,
805 205 842 235 et
860 197 1042 248 parasitus
1060 198 1154 247 ejus.

722 253 808 299 Cyl.
835 252 863 289 J
867 264 928 289 am
947 251 1009 288 isti
1027 258 1114 289 sunt
1131 251 1258 289 decem
1275 266 1286 289 ι

196 304 298 340 Nam
334 302 518 352 parasitus
549 310 632 341 octo
662 303 862 341 hominum
898 315 1038 342 munus
1069 304 1177 342 facile
1203 304 1292 342 fun-

379 357 462 393 'tur.
1268 359 1293 394 5

198 411 307 447 Erot.
335 369 497 447 ffiocuta
515 422 599 447 sum
618 409 815 447 convivas:
847 417 1022 448 caeterum
1040 422 1141 447 cura.

1059 464 1146 512 Cyl.
1174 462 1296 501 Licet.

193 514 308 553 Cocta
326 522 429 553 sunt.
482 515 510 553 J
514 517 586 553 ube
604 515 658 553 ire
677 515 905 553 accubitum.

620 571 731 606 Erot.
761 568 860 606 Redi
878 568 962 606 cito.

826 623 912 671 Cyl.
941 622 970 660 J
972 633 1035 660 am
1053 633 1123 672 ego
1139 619 1203 658 hic
1221 632 1294 658 ero.

468 780 652 819 ACTUS
681 780 740 818 ΙΙ.
796 778 980 818 SCENA
1008 779 1044 817 I.

349 885 662 924 MENAECHMUS
683 887 855 925 Sosicles.
892 887 1147 925 MEssnmo.

201 994 312 1030 Men.
344 992 464 1029 Nulla
483 993 530 1029 'st
549 993 722 1043 voluptas
741 992 894 1039 navitis,
914 989 1120 1036 Messenio,

201 1046 343 1094 Major,
364 1057 447 1082 meo
466 1044 607 1092 animo,
629 1058 745 1096 quam
765 1057 881 1095 quom
901 1058 950 1084 ex
968 1045 1045 1082 alto
1063 1041 1195 1094 procul

204 1098 363 1136 Terram
381 1097 625 1148 conspiciunt.

546 1152 651 1188 Mes.
683 1151 823 1200 Major,
846 1151 940 1203 (non
959 1150 1083 1188 dicam
1100 1146 1207 1197 dolo)

203 1205 244 1242 Si
263 1203 463 1242 adveniens
480 1210 616 1241 terram
635 1204 772 1251 videas,
792 1218 878 1255 quae
896 1204 1010 1241 fuerit
1027 1211 1106 1240 tua.

204 1257 292 1305 Sed,
326 1270 466 1308 quaeSO,
501 1258 748 1308 quamobrem
780 1270 881 1295 nunc
911 1255 1174 1307 Epidamnum
1202 1254 1307 1293 veni-

362 1322 448 1348 mus
462 1312 479 1347 ?
1281 1309 1306 1344 5

201 1363 284 1409 An,
304 1363 414 1413 quasi
430 1375 547 1409 mare,
567 1362 710 1400 omneis
729 1363 970 1401 circumimus
987 1360 1158 1400 insulas?

204 1417 262 1453 M
259 1428 318 1453 en.
330 1415 502 1452 Fratrem
514 1416 714 1465 quaesitum
727 1416 922 1465 geminum
933 1426 1158 1465 germanum
1168 1425 1311 1451 meum.

206 1471 265 1507 M
263 1481 311 1505 es.
342 1469 446 1505 Nam
465 1468 559 1518 quid
576 1468 681 1506 modi
699 1468 872 1506 futurum
887 1469 935 1506 ’st
952 1468 1064 1506 illum
1083 1479 1249 1519 quaerere
1263 1468 1281 1504 Ρ

206 1521 283 1559 Hic
301 1533 422 1558 annus
441 1528 584 1567 sextus,
604 1528 802 1571 postquam
823 1522 857 1559 ei
874 1521 928 1559 rei
943 1533 1095 1571 operam
1114 1520 1261 1558 damus.

207 1574 338 1620 Istros,
359 1573 565 1623 Hispanos,
584 1574 855 1622 Massilienses,
876 1574 1044 1622 Illurios,
1261 1572 1311 1610 10

207 1627 319 1664 Mare
338 1627 528 1676 Superum
546 1638 671 1674 omne,
693 1626 956 1678 Graeciamque
973 1626 1173 1675 exoticam,

208 1679 381 1730 Orasque
399 1679 552 1716 Italicas
569 1680 727 1727 omneis,
748 1681 826 1731 qu'Ja
843 1680 1060 1731 aggreditur
1076 1692 1195 1727 mare,

210 1733 353 1771 Sumus
373 1731 623 1770 circumvecti.
678 1733 719 1772 Si
738 1745 848 1771 acum
870 1731 1015 1784 (credo)
1036 1744 1233 1784 quaereres,

209 1786 340 1823 Acum
358 1785 575 1833 invenisses,
596 1786 626 1823 si
644 1794 854 1837 appareret,
871 1788 953 1836 jam
972 1786 1051 1823 diu.

210 1838 421 1877 Hominem
439 1838 534 1876 inter
548 1838 652 1877 vivos
670 1839 915 1890 quaeritamus
933 1846 1154 1878 mortuum:
1269 1838 1316 1874 15

211 1891 319 1929 Nam
336 1891 607 1929 invenissemus
623 1894 704 1941 jam
724 1892 804 1939 diu,
826 1893 856 1931 si
874 1893 1024 1932 viveret.

212 1946 325 1983 Men.
354 1945 459 1994 Ergo
476 1944 573 1982 istuc
592 1959 718 1996 quaero
739 1953 883 1984 certum
902 1946 969 1997 qui
987 1945 1099 1984 faciat
1117 1944 1228 1992 mihi,

212 1998 294 2045 Qui
312 2011 390 2036 sese
408 1997 507 2035 dicat
526 1998 630 2044 scire,
653 2011 740 2037 eum
760 2012 838 2037 esse
856 2006 1065 2038 mortuum.

213 2050 382 2100 Operam
401 2061 578 2101 praeterea
596 2064 795 2102 nunquam
815 2065 964 2090 sumam
983 2064 1170 2103 quaerere:

213 2104 361 2142 Verum
380 2103 487 2141 aliter
506 2103 614 2142 vivus
633 2117 830 2155 nunquam
850 2105 1027 2144 desistam
1047 2105 1214 2155 exsequi.
1269 2105 1321 2142 20

216 2157 302 2207 Ego
319 2157 431 2196 illum
451 2157 539 2206 scio,
560 2170 675 2208 quam
696 2159 796 2197 cordi
815 2159 861 2198 sit
882 2171 988 2197 carus
1005 2171 1104 2197 meo.
