1435 2400
231 125 309 163 302
481 116 914 162 MOSTELLARIA.
946 122 1019 160 IV.
1053 123 1092 158 2.

239 230 358 277 Mihi,
377 230 417 268 in
435 237 583 281 pectore
600 228 733 267 consili
751 228 855 280 quod
873 235 942 276 est,

237 285 367 323 Lubet
384 296 513 321 cavere
530 282 672 320 malam
691 295 771 320 rem
789 282 908 332 prius,
1295 280 1345 318 lo

238 338 369 385 Quam
387 344 432 374 ut
448 348 579 374 meum
596 343 746 385 tergum
764 335 1038 373 exsinceratum
1057 333 1134 372 fiat.

239 392 296 429 Ut
312 390 435 428 adhuc
452 389 540 436 fuit,
558 388 653 426 mihi
671 389 815 426 corium
828 401 906 426 esse
924 395 1068 438 oportet

239 444 453 490 Sincemm,
472 450 585 493 atque
602 441 659 479 uti
679 439 819 491 [vetem
839 441 1048 479 verberari:

240 497 282 535 Si
300 496 390 534 huic
406 494 634 546 imperabo‚]
650 496 766 545 probe
784 501 926 532 tectum
942 493 1110 532 habebo:

239 549 395 588 Malum
414 561 530 600 quom
549 547 703 599 impluit
720 555 884 594 caeteros,
899 559 974 584 non
993 547 1156 598 impluat
1169 546 1278 586 mihi.
1300 546 1349 584 15

240 603 361 649 Nam,
380 610 425 639 ut
443 602 538 640 servi
556 602 688 639 volunt
706 614 783 638 esse
799 600 950 648 herum,
969 601 1023 638 ita
1041 600 1133 638 solet
1152 613 1241 639 esse.

242 655 362 694 Bonis
379 656 471 693 boni
490 662 601 692 sunt:
631 653 809 704 improbi,
832 653 899 705 qui
917 654 1041 691 malus
1058 653 1144 692 fuit.

241 709 347 747 Nam
366 721 467 746 nunc
485 707 588 745 domi
606 715 742 745 nostrae
759 714 815 745 tot
831 707 999 758 pessumi
1014 707 1160 755 vivunt,

244 762 377 800 Peculi
398 761 457 799 sui
475 761 636 812 prodigi,
656 760 907 811 plagigeruli.
898 774 907 783 ·
938 760 1004 798 ubi
1023 759 1224 798 advorsum
1243 769 1287 799 ut

243 815 349 853 Eant
366 824 546 852 vocantur
563 814 674 852 hero:
707 816 736 835 ‘⁶
757 815 847 851 Non
866 827 936 859 eo;
967 814 1147 852 molestus
1169 826 1217 852 ne
1235 814 1298 852 sis.

244 869 344 916 Scio,
365 881 441 919 quo
459 879 660 918 properas:
690 867 805 917 gestis
824 866 981 918 aliquo
966 879 1062 916 jam,
1082 867 1230 912 hercle;
1300 867 1348 905 21

245 922 308 959 Ire
326 921 395 968 vis,
415 921 536 964 mula
556 920 655 957 foras
677 927 840 970 pastum.
845 919 870 934 ’⁷
916 921 1023 958 Bene
1043 932 1192 958 merens

243 975 331 1013 Hoc
349 973 513 1024 pretium
532 972 620 1010 inde
638 973 801 1010 abstuli:
831 973 886 1010 ita
903 973 979 1011 abii
997 972 1107 1011 foras.
1147 974 1260 1012 Solus

246 1029 363 1066 Nunc
382 1038 426 1064 eo
444 1025 517 1063 adv
507 1038 645 1064 orsum
663 1026 753 1064 hero
772 1039 819 1064 ex
837 1026 1011 1076 plurimis
1029 1026 1154 1064 serw's.

245 1080 333 1118 Hoc
351 1080 412 1118 die
430 1079 583 1117 crastini
600 1091 718 1130 quom
736 1079 848 1117 herus
866 1079 1066 1128 resciverit,
1298 1081 1350 1117 25

247 1134 368 1171 Mane
387 1132 584 1183 castigabit
602 1145 663 1170 eos
682 1132 837 1170 bubulis
855 1132 1012 1170 exuviis.

246 1187 444 1225 Postremo
479 1186 635 1223 minoris
677 1185 800 1237 pendo
836 1192 986 1237 tergum
1021 1185 1192 1233 illorum,
1236 1200 1354 1239 quam

404 1252 547 1277 meum.

246 1293 312 1332 Illi
331 1300 441 1332 erunt
458 1292 625 1331 bucaedae
641 1293 764 1330 multo
782 1292 922 1344 potius,
944 1304 1059 1343 quam
1079 1306 1149 1345 ego

247 1348 331 1386 Sim
348 1347 471 1385 restio.

496 1501 680 1541 ACTUS
709 1503 784 1541 IV.
838 1501 1022 1540 SCENA
1052 1501 1114 1539 II.

284 1608 461 1645 SERvus
480 1610 597 1648 alius.
641 1609 915 1646 PnAmscus.
961 1607 1318 1644 THEUROPmEs.

427 1715 512 1752 Ser.
540 1714 661 1752 Mane
679 1721 736 1761 tu,
755 1720 869 1765 atque
887 1713 1018 1752 assiste
1036 1714 1137 1751 iflico
1154 1729 1164 1752 :

251 1765 450 1814 Phanisce⁷
471 1766 586 1805 etiam
603 1768 757 1818 respice.

746 1821 875 1859 Phan.
901 1819 1007 1859 Mihi
1023 1821 1206 1860 molestus
1223 1833 1273 1858 ne
1290 1820 1354 1858 sis·

250 1874 336 1911 Ser.
363 1872 478 1919 Vide,
498 1880 542 1911 ut
559 1873 704 1912 fastidit
721 1874 858 1912 simia!

250 1928 381 1964 Phan.
411 1927 516 1964 Mihi
534 1940 644 1965 sum:
674 1927 767 1966 libet
783 1940 884 1965 esse.
915 1928 1008 1979 quid
1025 1927 1066 1965 id
1084 1940 1192 1967 curas
1205 1929 1223 1966 ?

250 1981 336 2018 Ser.
365 1979 552 2018 Manesne
569 1980 715 2027 illico,
704 1994 854 2032 impure
871 1982 1055 2033 parasite.
1043 1981 1062 2007 ⁹
1328 1981 1359 2017 5

250 2034 382 2071 Phan.
409 2032 494 2081 Qui
511 2034 696 2085 parasitus
714 2037 831 2073 sum?

838 2091 922 2127 Ser.
950 2088 1037 2140 Ego
1056 2087 1159 2126 enim
1223 2104 1226 2105 ⁷

250 2139 412 2178 Dicam.
443 2141 526 2179 cibo
544 2141 697 2193 perduci
715 2142 853 2194 poteris
869 2142 1015 2193 quovis.

252 2193 430 2232 Ferocem
450 2194 555 2244 facis,
576 2195 666 2247 quia
684 2203 720 2234 te
738 2196 851 2234 herus
875 2203 955 2234 tam
974 2202 1091 2234 amat·
