1435 2400
353 81 791 123 MOSTELLARIA.
818 81 880 120 ΙΙ.
911 81 946 119 1.
1136 79 1216 124 279

422 190 567 227 Philol.
598 188 738 227 Certe?

588 244 710 280 Tran.
739 242 865 287 Certe,
884 240 1056 291 inquam.

808 295 953 331 Philol.
982 291 1131 340 Occidi,
1161 294 1214 330 22

103 350 145 389 Si
165 356 207 388 tu
227 362 316 388 vera
332 361 533 388 memoras.

384 404 505 441 Tran.
533 401 642 449 Quid
658 400 756 439 mihi
775 401 822 439 sit
839 400 944 448 boni,
967 399 999 437 si
1016 400 1178 437 mentiar
1194 402 1212 438 Ρ

107 457 251 495 Philol.
280 455 384 503 Quid
407 469 476 507 ego
494 467 596 494 nunc
612 455 750 492 faciam
764 457 782 493 ?

388 511 509 548 Tran.
536 509 564 547 J
567 510 642 547 ube
659 509 741 546 haec
758 508 848 546 hinc
865 506 995 545 omnia
1014 506 1215 544 amolirier.

108 563 208 611 Quis
226 563 309 601 istic
328 563 495 601 dormit?

262 618 410 655 Philol.
439 616 722 655 Callidamates.

430 672 551 708 Tran.
580 670 728 708 Suscita
745 669 876 717 istum,
902 668 1133 719 Delphium.
1164 668 1216 705 25

111 724 256 773 Delph.
288 722 556 762 Callidamates
572 724 581 761 Ι
614 723 882 761 Callidamates
899 723 909 760 Ξ
941 721 1068 772 vigila.

546 778 687 816 Callid.
717 776 874 826 Vigilo:
904 776 995 814 cedo
1013 782 1057 812 ut
1075 775 1220 813 bibam.

107 830 249 879 Delpk.
277 829 410 880 Vigila
425 844 436 867 ε
466 838 572 881 pater
590 829 742 868 advenit
759 843 912 880 peregre
930 828 1175 867 Philolachae.

773 885 913 921 Callid.
940 883 1078 920 Valeat
1095 890 1215 933 pater.

107 938 255 975 Philol.
282 937 399 975 Valet
415 937 479 975 ille
497 937 666 988 quidem,
687 944 801 987 atque
819 949 888 986 ego
907 936 1073 987 disperii.

532 992 673 1029 Callid.
702 990 932 1040 Disperisti‘?
962 990 1030 1040 qui
1049 988 1187 1038 pote'st
1201 990 1219 1027 Ρ

108 1044 253 1082 ΡῘιὶῖοῖ.
284 1043 427 1091 Quaeso
446 1043 626 1095 (edepol),
648 1055 830 1092 exsurge:
860 1050 966 1092 pater
984 1041 1148 1079 advenit.

654 1097 796 1135 Callia.
830 1096 942 1134 Tuus
960 1095 1063 1133 venit
1081 1095 1220 1144 pater?

106 1149 136 1188 J
138 1151 211 1188 ube
230 1151 333 1189 abire
350 1163 515 1188 rursum.
545 1149 653 1197 Quid
672 1149 728 1187 illi
747 1149 879 1186 reditio
898 1150 1011 1187 etiarn
1025 1148 1101 1186 huc
1119 1147 1221 1186 fuit?

106 1205 253 1241 Plzilol.
278 1204 386 1251 Quid
405 1218 473 1255 ego
495 1216 604 1255 agam
622 1206 639 1242 ?
670 1204 785 1241 Pater
802 1203 883 1251 jam
901 1202 966 1241 hic
979 1215 1041 1241 me
1059 1201 1224 1239 offendet

265 1258 445 1296 miserum
464 1257 666 1295 adveniens
685 1256 847 1302 ebrium,
1166 1255 1215 1291 31

106 1310 240 1349 AEdeis
254 1312 384 1362 plenas
398 1311 656 1359 convivarum,
670 1318 706 1348 et
720 1309 938 1347 mulierum.
968 1307 1158 1346 Miserum
1171 1308 1220 1346 ’st

266 1377 288 1402 ο
316 1378 375 1413 us,

106 1417 234 1468 Igitur
252 1379 407 1456 delirium
426 1418 553 1456 fodere
570 1426 746 1468 puteum,
766 1416 834 1454 ubi
850 1416 930 1453 sitis
947 1415 1073 1453 fauces
1091 1421 1218 1459 tenet;

106 1472 214 1510 Sicut
232 1485 315 1523 ego,
335 1472 498 1510 adventu
520 1471 652 1523 patris,
676 1482 778 1508 nunc
797 1482 940 1521 quaero,
965 1468 1059 1520 quid
1082 1467 1219 1506 faciam

270 1538 396 1563 miser.

114 1580 236 1617 Tran.
262 1578 362 1617 Ecce
389 1586 518 1617 autem
544 1578 607 1617 hic
633 1576 819 1628 deposivit
847 1581 972 1625 caput,
1002 1582 1039 1612 et
1067 1573 1222 1613 dormit.

273 1632 433 1670 Suscita.
1169 1628 1221 1664 35

108 1686 254 1723 Philol.
273 1686 404 1723 Etiam
423 1684 587 1737 vigilas?
607 1685 720 1723 Pater
729 1681 928 1735 (inquam)
941 1681 1059 1720 aderit
1067 1682 1148 1731 jam
1158 1681 1224 1719 hic

269 1751 389 1777 meus.

340 1793 480 1830 Callia.
509 1792 615 1829 Ai’n’
637 1799 694 1838 tu,
714 1789 849 1843 pater?
939 1831 944 1836 .

111 1844 215 1884 Cedo
233 1845 350 1883 soleas
376 1845 485 1893 mihi,
512 1856 556 1883 ut
580 1858 687 1883 arma
710 1844 870 1896 capiam.
913 1842 1007 1881 Jam
1029 1839 1131 1893 (pol)
1152 1853 1221 1891 ego

267 1898 434 1936 occidam
452 1906 612 1949 patrem.

111 1952 256 1990 Philol.
280 1951 412 1989 Perdis
430 1964 510 1989 rem
527 1965 537 1988 z
559 1959 654 1998 tace,
673 1951 822 1988 amabo.
848 1950 1027 2001 Abripite
1040 1948 1143 1986 hunc
1160 1947 1220 1983 in-

269 2011 326 2042 tro
345 2011 515 2043 actutum
534 2005 631 2043 inter
648 2016 799 2042 manus.

114 2059 255 2097 Callid.
287 2058 377 2096 Jam
411 2058 582 2109 (hercle)
609 2069 678 2108 ego
707 2070 772 2095 vos
794 2070 864 2108 pro
884 2056 1033 2095 matula
1055 2055 1218 2099 habebo,

264 2112 337 2149 nisi
355 2111 452 2150 mihi
469 2110 656 2149 matulam
677 2109 786 2149 datis.

108 2165 254 2204 Philol.
280 2164 406 2204 Perii!
