1435 2400
355 63 793 105 MOSTELLARIA.
826 64 863 105 1.
897 67 931 105 1.
1119 65 1197 104 263

366 225 550 265 ACTUS
579 226 618 266 Ι.
673 226 857 266 SCENA
885 226 920 264 Ι.

419 333 629 371 Gnunuo.
669 332 877 371 TRANm.

89 441 231 478 Grum.
259 439 340 477 Exi
357 452 378 478 e
396 439 538 486 culina,
556 440 621 487 sis,
640 440 753 483 foras,
769 438 961 489 mastigia,

86 493 169 540 Qui
187 493 284 530 mihi
301 493 399 531 inter
415 494 565 544 patinas
584 493 739 532 exhibes
757 492 937 543 argutias.

85 546 290 597 Egredere‚
311 547 439 585 herssis
456 547 651 597 pernicies,
671 560 720 585 ex
738 547 894 584 aedibus.

85 598 173 651 Ego
193 599 303 650 (pol)
325 608 361 638 te
380 601 472 646 ruri,
493 600 526 638 si
543 600 685 647 vivam,
705 600 866 638 ulciscar
883 600 1013 650 probe.

83 652 178 699 Exi,
197 653 371 704 inquam,
391 653 514 700 nidor,
531 666 552 691 e
565 653 717 692 culina:
748 653 842 705 quid
859 653 976 691 latae
965 652 983 674 '²
1172 655 1197 690 5

92 707 213 744 Tran.
242 706 349 753 Quid
368 707 439 745 tibi
457 707 623 750 (malum
638 708 669 755 !)
694 707 758 746 hic
782 715 871 745 ante
893 705 1005 745 aedeis
1027 705 1198 744 clamita-

246 760 300 798 tio
313 758 384 798 ’.st
375 763 393 788 ⁹

84 812 155 851 An
173 813 253 851 mri
271 826 399 852 censes
417 821 455 852 te
474 813 580 852 esse?
608 814 766 852 abscede
784 815 833 852 ab
853 812 1011 851 aedibus.

86 865 169 903 Abi
186 879 276 911 rus;
306 867 369 905 abi
387 867 546 906 dierecte
561 882 572 905 z
601 867 761 906 abscede
779 869 827 906 ab
843 867 978 916 janua.

86 918 193 957 Hem
208 920 218 957 !
249 920 404 959 hoccine
419 922 571 959 volebas
585 923 603 959 ἓ

478 976 620 1014 Grum.
648 973 752 1013 Perii
769 974 779 1012 !
813 974 893 1013 Cur
911 986 974 1012 me
991 975 1164 1012 verberas
1177 976 1195 1012 Ρ

93 1027 214 1065 Tran.
244 1025 350 1074 Qm'a
367 1034 411 1065 tu
428 1027 498 1065 vis.

411 1082 553 1119 Grum.
587 1080 731 1119 Patiar.
786 1080 876 1119 Sine
892 1079 1007 1117 modo
1024 1079 1199 1118 adveniat

514 1146 641 1172 senex.
1149 1133 1198 1171 10

88 1187 177 1225 Sine
195 1186 310 1225 modo
327 1187 454 1225 venire
472 1188 635 1235 salvum,
656 1200 771 1239 quem
790 1189 983 1226 absentem
1002 1199 1140 1226 comes.

93 1242 212 1278 Trou.
242 1241 324 1278 Nec
342 1241 543 1279 verisimile
559 1242 727 1292 loquere,
748 1254 817 1279 nec
835 1252 983 1285 verum,
1000 1240 1142 1288 frutex,

84 1292 262 1332 Comesse
281 1306 515 1345 quemquam
533 1302 577 1332 ut
595 1295 800 1346 quisquam
819 1295 1014 1332 absentem
1032 1294 1183 1345 possiet.

86 1348 229 1386 Grum.
257 1347 323 1384 Tu
342 1349 510 1385 urbanus
530 1361 617 1386 vero
637 1361 778 1395 scurra,
798 1347 941 1386 deliciae
961 1348 1081 1398 popli,

82 1400 168 1438 Rus
186 1400 282 1438 mihi
300 1408 342 1438 tu
361 1402 555 1462 objectas?
585 1414 674 1440 sane
691 1401 857 1450 (credo),
876 1400 1038 1448 Tranio,
1149 1400 1198 1438 15

83 1453 200 1500 Quod
220 1462 256 1492 te
274 1455 314 1491 in
332 1454 537 1505 pistrinum
555 1455 626 1493 scis
644 1462 814 1493 actutum
835 1453 985 1492 tradier.

84 1507 151 1545 Cis
170 1507 343 1559 (hercle)
365 1521 504 1559 paucas
524 1516 779 1559 tempestates,
801 1507 961 1554 Tranio,

83 1560 260 1611 Augebis
278 1561 377 1599 ruris
395 1573 614 1608 numerum,
634 1574 755 1612 genus
772 1560 950 1600 ferratile.

85 1613 217 1660 Nunc,
239 1614 330 1652 dum
353 1615 422 1652 tibi
438 1615 545 1653 lubet
561 1615 738 1666 licetque,
759 1623 873 1665 pota;
904 1614 1019 1665 perde
1036 1627 1143 1662 rem3

84 1666 295 1719 Corrumpe
312 1668 469 1706 herilem
489 1669 628 1715 filium,
647 1669 921 1707 adolescentem
939 1676 1169 1720 optumum.

85 1718 180 1757 Dies
198 1729 400 1772 noctesque
418 1722 560 1766 bibite3
591 1722 900 1773 pergraecamini3
1144 1722 1192 1759 21

83 1773 243 1811 Amicas
262 1775 389 1820 emite,
408 1775 588 1819 liberate;
618 1775 759 1826 pascite

82 1826 299 1871 Parasitos;
329 1837 508 1878 opsonate
526 1804 805 1879 poilucibiliter.

84 1879 266 1918 Haeccine
290 1881 485 1919 mandavit
503 1883 587 1931 tibi,
608 1895 726 1934 quom
753 1895 908 1934 peregre
934 1881 1025 1920 hinc
1052 1881 1111 1930 iit,
1140 1895 1197 1920 se-

244 1945 319 1971 nex
336 1935 354 1972 Ρ

83 1985 255 2024 Hoccine
273 1987 386 2025 modo
404 1986 469 2025 hic
486 2000 566 2026 rem
585 1996 756 2027 curatam
774 1989 938 2028 offendet
956 2001 1065 2027 suam
1081 1990 1098 2027 Ρ
1146 1989 1197 2025 25

82 2038 253 2078 Hoccine
271 2041 362 2078 boni
380 2053 460 2078 esse
478 2041 645 2080 officium
663 2041 760 2081 servi
778 2043 1002 2091 existumas,

81 2093 138 2130 Ut
155 2093 236 2131 heri
254 2094 314 2131 sui
331 2095 930 2145 corrumpatetremetfilium?
