1435 2400
219 100 298 138 288
474 99 905 141 MOSTELLARIA.
936 103 1018 141 ΙΙΙ,
1053 103 1086 141 Ι.

219 207 326 243 Dan.
356 205 464 253 Quid
480 207 549 245 tibi
567 221 636 259 ego
653 221 798 246 morem
818 209 873 247 vis
895 223 1023 260 geram
1038 212 1056 248 ?

531 262 650 299 Tran.
679 262 760 300 Abi
780 263 944 313 (quaeso)
965 263 1053 300 hinc
1070 261 1241 299 domum.
1268 261 1319 298 48

217 313 323 350 Dan.
353 312 536 351 Abeam?

543 368 661 404 Tran.
693 367 831 405 Redito
848 368 923 406 huc
941 369 1083 407 circiter
1101 367 1267 406 meridie.

217 420 325 456 Dan.
351 418 594 458 Reddeturne
610 420 726 470 igitur
743 421 864 458 foenus
879 424 896 458 Ρ

650 475 770 510 Tran.
798 474 1019 512 Reddetur:
1051 486 1153 512 nunc
1171 473 1244 511 abi.
1271 475 1322 510 50

215 526 322 563 Dan.
366 525 473 572 Quid
492 537 561 576 ego
579 525 654 563 huc
672 539 872 574 recursem,
900 536 966 565 aut
983 540 1135 579 operam
1156 538 1320 573 sumam,

375 586 441 616 aut
466 586 654 616 conteram
666 579 684 614 Ρ

217 629 337 677 Quid,
356 631 386 669 si
404 631 468 669 hic
485 633 645 669 manebo
663 632 788 683 potius
806 632 854 669 ad
873 634 1066 672 meridiem
1080 633 1098 670 ⁴?

223 685 344 722 Tran.
374 684 516 731 Immo,
544 685 606 722 abi
632 684 802 723 domum.
844 686 992 724 Verum
1022 687 1192 738 (hercle)
1223 685 1318 724 dico.

374 737 456 775 Abi
475 737 600 774 modo.

213 790 320 827 Dan.
349 789 457 837 Quin
476 803 539 827 vos
558 790 653 828 mihi
679 790 799 829 foenus
818 791 915 829 date.
955 791 1062 839 Quid
1080 792 1275 842 nugamini
1287 791 1306 827 Ρ

220 842 341 880 Tran.
381 844 461 889 Eu,
493 843 617 880 hercle
632 844 641 880 Ξ
683 856 756 892 nae,
789 851 830 882 tu
863 844 925 882 abi
954 844 1078 882 modo.
1128 844 1318 883 Ausculta

373 895 480 933 mihi.
1267 901 1318 935 55

214 949 320 985 Dan.
349 949 377 987 J
380 961 441 986 am
463 947 634 999 (hercle)
656 962 725 1000 ego
743 950 861 988 illunc
879 950 1094 988 nominabo.

826 1006 946 1041 Tran.
972 1003 1315 1054 Euge!‘strenue!

213 1053 357 1092 Beatus
375 1066 462 1092 vero
480 1067 518 1092 es
536 1066 651 1103 nunc,
672 1067 790 1105 quom
808 1056 961 1094 clamas.

927 1111 1033 1147 Dan.
1064 1109 1202 1147 Meum
1221 1116 1321 1161 peto.

213 1160 363 1198 Multos
382 1173 444 1198 me
462 1160 533 1199 hoc
550 1167 660 1212 pacto
675 1161 756 1209 jam
776 1161 854 1199 dies
871 1161 1118 1200 frustramini.

212 1213 402 1251 hiolestus
422 1213 453 1252 si
469 1227 569 1259 sum,
590 1214 732 1251 reddite
751 1222 976 1265 argentum3
1005 1215 1142 1254 abiero.

210 1266 488 1316 Responsiones
507 1267 652 1304 omneis
669 1266 741 1304 hoc
759 1269 871 1306 verbo
890 1268 1033 1319 eripite.
1191 1275 1197 1281 ²
1266 1269 1319 1308 60

217 1320 339 1357 Tran.
368 1319 515 1358 Sortem
535 1321 673 1370 accipe.

500 1375 606 1410 Dan.
638 1373 781 1421 Immo,
801 1374 923 1413 foenus
939 1389 949 1412 :
979 1374 1019 1412 id
1038 1374 1206 1425 primum
1221 1375 1318 1413 volo.

213 1426 334 1463 Tran.
358 1425 465 1473 Quid
479 1434 535 1472 tu,
555 1425 670 1463 homo
689 1426 889 1465 hominum
907 1428 1079 1465 omnium
1100 1435 1318 1476 teterrume,

207 1478 358 1516 Venisti
376 1478 451 1516 huc
470 1485 706 1517 extentatum
717 1478 735 1515 ⁴?
763 1479 885 1531 Agas,
906 1480 1009 1531 quod
1026 1481 1066 1518 in
1084 1493 1203 1519 manu
1222 1488 1288 1519 est·

207 1531 300 1569 Non
319 1531 398 1579 dat,
418 1544 494 1570 non
513 1532 635 1569 debet.

473 1587 581 1622 Dan.
609 1583 700 1622 Non
719 1584 858 1623 debet?

211 1684 215 1687 ἡ
797 1640 917 1677 Tran.
953 1640 1034 1678 Nec
1053 1640 1123 1678 erit
1141 1639 1309 1691 quidem.

203 1688 318 1728 Ferre
335 1690 406 1729 hoc
423 1697 529 1741 potes
540 1691 558 1727 ’ἓ
583 1703 631 1728 an
650 1691 787 1735 mavis,
807 1698 851 1728 ut
869 1692 997 1742 aliquo
1015 1694 1125 1731 abeat
1142 1694 1241 1731 foras
1254 1694 1272 1730 ⁰?

202 1741 350 1781 Urbem
369 1744 479 1781 exsul
495 1743 658 1794 linquat,
681 1741 803 1794 [actus
821 1743 929 1796 hinc]
951 1746 1063 1784 causa
1081 1747 1151 1795 tui,
1261 1748 1313 1786 66

203 1794 309 1843 Quoi
327 1804 465 1835 sortem
483 1797 549 1834 vix
571 1796 658 1834 dare
679 1796 834 1834 licebit?

842 1853 950 1890 Dan.
985 1851 1091 1896 Quin
1117 1865 1193 1892 non
1211 1860 1313 1904 peto.

208 1902 351 1940 Theur.
381 1902 470 1950 Eia,
489 1902 689 1953 mastigia!
720 1903 767 1942 ad
786 1916 849 1941 me
866 1905 956 1942 redi.
995 1937 998 1940 .

874 1959 994 1995 Tran.
1023 1958 1052 1997 J
1054 1972 1117 1997 am
1134 1959 1216 1997 istic
1235 1973 1310 1998 ero.

198 2008 387 2046 Molestus
411 2021 458 2046 ne
477 2008 549 2046 sis:
583 2022 694 2048 nemo
712 2010 778 2048 dat
794 2024 804 2047 ε
835 2024 905 2061 age
923 2011 1016 2062 quid
1035 2012 1153 2050 lubet.

199 2061 265 2098 Tu
284 2061 387 2099 solus
408 2061 556 2113 (credo)
574 2062 714 2101 foenore
733 2072 933 2113 argentum
953 2064 1070 2103 datas.
1257 2066 1308 2111 70

197 2116 306 2153 Dan.
336 2114 439 2153 Cedo
457 2115 602 2153 foenus:
632 2117 745 2154 redde
763 2117 908 2155 foenus:
942 2118 1062 2156 foenus
1080 2117 1237 2157 reddite.

196 2166 376 2205 Daturin’
396 2168 484 2206 estis
502 2169 623 2207 foenus
641 2176 813 2208 actutum
839 2170 964 2208 mihi?
