1435 2400
276 54 455 94 MILES
484 53 816 95 GLORIOSUS.
845 55 904 94 ΙΙ.
933 58 970 94 4.
1094 57 1173 94 205

448 163 545 200 Scel.
574 162 671 200 Scio.

67 214 152 251 Pal.
181 213 290 261 Quid
313 226 429 261 nunc,
461 215 492 253 si
517 227 560 252 ea
577 215 682 252 domi
702 214 763 262 ’st,
790 215 823 253 si
845 214 997 264 faciam,
1024 224 1068 254 ut
1091 228 1175 254 eam

221 267 324 305 exire
341 268 430 306 hinc
447 268 574 306 vidaes
592 268 721 315 domo,
1124 271 1176 313 70

66 315 221 368 Dignus
239 332 278 358 ὅ
297 321 513 359 verberibus
531 321 663 359 multis
678 323 695 359 ?

456 376 554 414 Scel.
583 374 750 425 Dignus.

690 429 782 466 Pal.
811 429 927 466 Serva
946 428 1035 466 istas
1053 428 1178 475 foreis,

66 480 130 518 Ne
144 480 214 518 tibi
229 481 327 519 clam
342 495 380 520 se
392 481 634 519 subterducat
647 481 772 529 istinc,
789 490 904 533 atque
918 481 992 519 huc
1007 490 1181 519 transeat.

65 535 164 572 Scel.
195 534 407 573 Consilium
421 536 468 572 'st
488 535 540 572 ita
559 535 691 573 facere.

291 590 383 626 Pal.
413 589 534 626 Pedes
553 602 622 639 ego
638 590 721 638 jam
740 588 848 626 illam
866 588 943 627 huc
961 589 1031 626 tibi
1049 588 1180 626 sistam

404 654 444 679 1n
465 654 577 679 mam.

68 697 166 734 Scel.
193 695 378 747 Agedum
397 708 500 746 ergo,
517 695 608 733 face.
647 695 748 733 Volo
767 695 873 743 scire,
894 703 1024 733 utrum
1041 708 1109 746 ego
1124 695 1178 743 id,

225 749 328 800 quod
346 748 438 794 vidi,
460 749 642 795 viderim;

65 802 134 840 An
153 802 232 841 illic
249 802 375 849 faciat,
396 801 499 853 quod
517 802 708 840 facturum
728 802 832 850 dicit,
852 810 897 840 ut
915 816 959 840 ea
977 802 1025 840 sit
1043 801 1160 840 domi.

66 857 106 894 Ν
109 869 172 894 am
184 869 253 907 ego
264 855 420 908 quidem
434 868 538 894 meos
549 856 677 895 oculos
688 856 822 905 habeo,
835 868 904 894 nec
916 868 1006 906 rogo
1019 856 1180 894 utendos

75 950 78 952 ,
219 909 320 947 foris.
1122 910 1175 953 76

62 961 138 1000 Sed
147 962 210 1000 hic
223 963 280 1000 illi
295 963 590 1014 supparasitatur
604 975 751 1014 semper
763 976 774 1000 ι
792 963 852 1000 hic
864 963 895 1001 ei
911 963 1176 1014 proxumu'st3

67 1015 220 1053 Primus
239 1017 287 1053 ad
301 1017 429 1054 cibum
445 1024 622 1061 vocatu13
643 1017 767 1067 primo
782 1016 1026 1067 pulmentum
1040 1016 1175 1061 datur3

66 1069 172 1106 Nam
191 1069 269 1106 illic
287 1078 413 1107 noster
431 1076 487 1106 aet
504 1069 659 1107 fortasse
678 1069 821 1107 circiter
839 1069 1042 1106 triennium
1057 1083 1068 1106 z

67 1122 206 1172 Neque
219 1122 443 1172 quoiquam,
461 1134 578 1173 quam
597 1122 667 1169 illi,
683 1123 723 1159 in
737 1121 863 1160 nostr&
880 1122 1016 1160 melius
1031 1122 1178 1160 famulo

225 1176 383 1213 familia.
1123 1177 1175 1213 80

65 1229 142 1266 Sed
160 1242 229 1279 ego
246 1229 318 1267 hoc
336 1228 439 1279 quod
458 1241 543 1279 ago,
563 1229 603 1266 id
630 1242 692 1266 me
711 1242 822 1280 agere
840 1236 999 1280 oportet,
1019 1228 1091 1267 hoc
1109 1230 1176 1266 ob-

225 1295 369 1320 servare
388 1281 540 1319 ostium.

65 1335 145 1374 Hic
172 1335 350 1374 obsistam
374 1334 446 1372 hac
467 1335 635 1385 quidem.
690 1336 779 1382 Pol,
810 1344 909 1374 certo
937 1337 1050 1374 verba
1078 1334 1174 1373 mihi

223 1401 421 1440 nunquam
441 1388 599 1427 dabunt.

313 1549 499 1588 ACTUS
529 1549 586 1587 ΙΙ.
645 1550 830 1589 SCENA
860 1550 936 1588 IV.

83 1657 374 1696 PALAESTRIO.
412 1657 825 1694 Pumoconmmm.
870 1657 1155 1695 Sermones.

65 1764 157 1801 Pal.
187 1763 379 1814 Praeeepta
397 1763 508 1801 facito
527 1772 570 1800 ut
589 1764 818 1802 memineris.

498 1816 600 1854 Phil.
631 1817 763 1856 Toties
781 1831 935 1856 monere
953 1817 1095 1856 mirum
1116 1817 1175 1857 ’st.

66 1871 158 1908 Pal.
184 1871 242 1906 At
260 1877 404 1918 metuo,
424 1878 467 1908 ut
487 1871 576 1907 satis
596 1871 644 1908 sis
663 1871 832 1909 subdola.

507 1925 616 1964 Phil.
647 1924 751 1962 Cedo
769 1926 830 1963 vel
847 1925 987 1970 doctas,
1006 1925 1147 1963 docebo
1162 1938 1172 1961 ε

63 1976 230 2014 Memini
249 1977 383 2022 malas,
398 1983 443 2014 ut
460 1977 535 2014 sint
549 1978 674 2023 malae,
690 1978 786 2016 mihi
805 1979 894 2017 solae
908 1992 985 2030 quo
999 1978 1172 2030 supersit.

64 2031 155 2067 Pal.
184 2032 287 2080 Age,
315 2031 394 2078 jam
427 2041 528 2068 nunc
557 2030 685 2069 insiste
713 2031 752 2069 in
780 2032 910 2071 dolos:
943 2045 1013 2084 ego
1039 2033 1107 2070 abs
1137 2039 1173 2068 te

221 2083 351 2132 procul
371 2082 553 2121 recedam.

61 2136 169 2184 Quid
187 2137 326 2184 adstas,
347 2135 546 2175 Sceledre?

113 2200 216 2227 voL.
238 2201 290 2228 11.
924 2202 950 2228 τ
