1435 2400
365 73 804 113 MOSTELLARIA.
835 74 880 114 ΙΙ
886 74 920 113 Ι.
949 75 984 112 1.
1146 75 1226 120 287

115 235 160 274 N
303 232 410 272 fioem
438 233 458 259 9
500 182 621 218 Tran.
645 181 748 219 Perii
765 181 920 232 oppido,
941 193 1058 233 quom
1077 181 1223 232 cogito!

159 246 210 274 on
230 245 300 273 con
411 246 451 271 r.

458 288 601 325 Theur.
630 286 786 334 Dicam,
807 287 838 325 si
857 287 1045 326 confessus
1063 289 1122 326 sit.
1178 290 1229 326 25

117 340 228 389 Quid
245 352 349 379 nunc
367 340 589 378 faciundum
609 353 735 378 censes
749 343 766 378 ἓ

599 395 720 431 Tran.
748 394 892 444 Egon',
914 394 1007 444 quid
1026 394 1227 433 censeam?

115 447 237 498 Cape,
252 449 418 494 obsecro,
442 445 611 496 (hercle)
633 460 720 485 cum
739 459 783 484 eo
801 446 878 484 una
893 447 1060 495 judicem
1074 463 1085 485 ι

116 501 193 539 Sed
212 514 300 539 eum
320 500 445 538 videto
463 508 507 538 ut
526 501 665 550 capias,
684 500 752 551 qui
770 500 896 538 credat
913 500 1023 538 mihi.

117 553 220 591 Tam
240 553 350 591 facile
369 553 507 600 vinces,
528 566 646 604 quam
664 554 791 605 pirum
810 554 938 604 volpes
960 561 1115 592 comest.

117 609 224 644 Dan.
247 607 322 645 Sed
341 606 611 644 Philolachetis
625 620 752 645 eccum
773 619 923 644 servum
945 606 1149 655 Tranium,
1179 608 1230 646 30

117 659 201 707 Qui
218 659 315 697 mihi
332 672 457 711 neque
474 659 597 698 foenus
615 672 739 711 neque
758 667 895 698 sortem
913 660 1059 710 argenti
1072 660 1232 698 danunt.

128 714 274 751 Theur.
306 713 397 760 Quo
416 721 453 751 te
470 713 579 764 agis?

336 768 458 804 Tran.
486 767 528 804 Ν
531 779 572 804 ec
589 779 785 819 quoquam
802 769 909 806 abeo-
950 768 1037 812 Nae,
1058 780 1128 818 ego
1146 780 1231 805 sum

509 832 637 867 miser,

117 872 322 920 Scelaems,
343 880 454 911 natus
473 873 560 911 Diis
578 873 742 912 inimicis
760 874 962 913 omnibus!

117 927 228 975 Jam,
257 926 325 964 illo
359 935 557 976 praesente,
594 927 727 965 adibit.
781 928 870 975 Nae,
901 940 972 978 ego
999 927 1115 966 homo
1146 941 1232 966 sum

280 979 395 1017 miser
410 979 419 1016 !

119 1033 184 1071 Ita
202 1040 239 1071 et
256 1032 346 1070 hinc
364 1040 401 1070 et
419 1032 525 1070 illinc
545 1032 640 1070 mihi
658 1032 839 1071 exhibent
856 1034 1064 1084 negotium.
1183 1035 1235 1072 35

121 1086 198 1125 Sed
216 1087 407 1136 occupabo
425 1085 540 1123 adire.
618 1096 623 1101 ’

512 1141 620 1177 Dan.
649 1139 728 1177 Hic
747 1139 795 1177 ad
815 1152 879 1177 me
891 1140 944 1178 it:
976 1140 1103 1178 salvus
1121 1153 1232 1186 sum;

122 1193 216 1244 Spes
237 1200 293 1231 est
311 1191 358 1230 de
375 1198 544 1242 argento.

440 1245 562 1282 Tran.
592 1245 754 1284 Hilarus
773 1253 828 1284 δὲ
845 1245 986 1285 frustra
1003 1247 1087 1286 istic
1104 1247 1232 1286 homo.

121 1299 274 1338 Salvere
289 1299 405 1347 jubeo
423 1305 474 1342 te,
496 1298 785 1349 Elisa-gyndes,
806 1301 913 1337 bene.

121 1355 231 1391 Dan.
259 1352 373 1391 Salve
390 1358 427 1390 et
446 1359 501 1388 tu.
543 1351 652 1399 Quid
670 1351 717 1390 de
735 1360 892 1402 argento
906 1355 924 1392 ‚⁹

767 1407 888 1443 Trou.
917 1406 999 1445 Abi
1017 1405 1080 1453 sis,
1096 1404 1237 1444 bellua.

123 1458 317 1498 Continuo
334 1457 537 1496 adveniens
555 1457 680 1509 pilum
698 1458 859 1507 injecisti
876 1460 985 1497 mihi.
1188 1461 1240 1496 40

123 1515 232 1551 Dan.
261 1511 341 1550 Hic
356 1511 473 1549 homo
492 1512 540 1549 ’st
557 1511 695 1549 inanis.

500 1566 622 1602 Tran.
647 1564 726 1603 Hic
742 1565 858 1603 homo
874 1565 921 1604 'st
940 1574 1038 1605 certe
1056 1565 1236 1603 hariolus.

126 1621 235 1657 Dan.
263 1617 371 1666 Quin
392 1624 435 1655 tu
453 1617 543 1656 istas
560 1617 680 1656 mittis
698 1618 810 1656 tn'cas
827 1621 844 1657 :2

640 1673 762 1710 Tran.
792 1672 916 1721 Quin,
937 1673 1031 1724 quid
1048 1673 1120 1720 vis,
1139 1671 1244 1710 cedo.

126 1727 235 1763 Dan.
261 1724 343 1763 Ubi
361 1723 604 1763 Philolaches
622 1732 678 1762 aet
691 1727 709 1763 ἓ

589 1779 709 1817 Tran.
738 1778 955 1830 Nunquam
973 1780 1132 1831 potuisti
1149 1779 1245 1817 mihi

131 1831 264 1882 Magis
281 1837 518 1882 opportunus
536 1831 728 1880 advenire,
750 1844 869 1883 quam
887 1833 1054 1872 advenis.

133 1887 243 1924 Dan.
271 1884 380 1931 Quid
399 1892 454 1921 est
466 1883 484 1920 't'

303 1938 424 1975 Tran.
450 1937 623 1975 Concede
640 1937 728 1976 huc.

363 1992 472 2028 Dan.
498 1990 607 2037 Quin
625 1991 722 2032 mihi
739 1999 940 2044 argentum
959 1993 1160 2031 redditur?
1190 1994 1240 2030 45

139 2047 262 2083 Tran.
291 2043 376 2083 Scio
395 2051 432 2081 te
448 2044 550 2081 bona
565 2056 645 2083 aese
663 2057 776 2083 vooe:
800 2058 848 2083 ne
866 2046 989 2084 clama
1007 2047 1134 2084 nimis.

127 2100 241 2137 Dan.
270 2097 358 2149 Ego
380 2095 554 2146 (hercle)
571 2109 659 2135 vero
683 2098 819 2137 clamo.

583 2151 703 2190 Tran.
732 2152 826 2190 Ah!
855 2165 944 2203 gere
962 2163 1108 2191 morem
1127 2151 1236 2190 mihi.
