1435 2400
291 90 372 127 230
491 87 669 127 MILES
698 85 1029 125 GLORIOSUS.
1057 85 1142 125 ΙΙΙ.
1172 87 1209 124 3.

293 197 392 233 Luc.
422 195 564 242 Quaeso
582 202 723 240 tamen,
744 203 786 232 tu
804 206 930 231 meam
949 199 1096 242 partem
1114 193 1325 240 infortunii,
1343 191 1392 233 51

294 249 335 287 Si
355 248 555 296 dividetur,
576 260 639 285 me
658 249 824 294 absente,
845 247 1002 297 accipito
1021 253 1160 284 tamen.

297 304 382 340 Pal.
413 302 534 340 Modo
552 301 736 346 intellexi,
756 313 872 351 quam
891 313 971 338 rem
991 299 1126 338 mulier
1143 298 1295 350 gesserit
1311 312 1322 335 ι

294 355 398 402 Quia
417 355 611 393 Sceledrus
629 354 781 400 dormit
801 354 903 390 hunc
921 353 1186 391 subcustodem
1205 365 1318 390 suum

293 409 401 446 Foris
420 407 620 458 ablegavit,
637 407 730 444 dum
749 409 796 444 ab
812 419 850 444 se
866 407 942 444 huc
956 406 1140 444 transiret.
1191 405 1332 445 Placet.
1349 408 1400 443 55

294 461 370 500 Sed
391 461 742 512 Periplectomenes,
763 473 879 511 quam
898 460 932 497 ei
949 459 1139 501 mandavi,
1160 459 1358 498 mulierem

295 514 424 552 Nimis
450 513 575 564 lepida
598 513 720 551 forma
743 513 858 550 ducit.
916 512 985 550 Dii
1005 511 1176 563 (hercle)
1196 512 1294 550 hanc
1320 524 1401 551 rem

454 567 647 616 adjuvant.

294 620 427 667 Quam
445 620 558 670 digne
577 627 707 657 ornata
724 618 874 665 incedit,
895 617 1001 655 haud
1018 618 1248 657 meretricie!

297 674 444 725 Lepide
462 674 534 711 hoc
552 673 718 711 succedit
735 674 806 711 sub
825 683 961 709 manus
979 672 1187 722 negotium.

527 831 710 870 ACTUS
739 831 824 870 ΙΙΙ.
878 829 1063 869 SCENA
1091 831 1175 870 III.

382 938 853 975 PERIPLECTOMENES.
896 938 1323 976 AcnoTELEu'rmM.

512 990 800 1027 PALAEs'rmo.
837 989 1188 1027 MILPHIDIPPA.

299 1099 435 1147 Perip.
468 1096 569 1134 Rem
599 1108 768 1141 omnem,
790 1095 1111 1144 Acroteleutium,
1135 1095 1219 1144 tibi,
1245 1095 1405 1147 tibique,

457 1162 543 1187 mea
561 1149 837 1200 Milphidippa,

299 1204 419 1242 Domi
450 1203 703 1241 demonstravi
735 1202 878 1241 ordine.
934 1202 1048 1241 Hanc
1078 1201 1260 1241 fabricam
1297 1203 1406 1241 falla-

459 1257 610 1307 ciasque

299 1310 437 1348 Minus
456 1310 487 1347 si
505 1309 653 1355 tenetis,
673 1308 798 1346 denuo
817 1310 903 1347 volo
920 1309 1134 1360 percipiatis
1150 1310 1275 1360 plane.

300 1364 399 1401 Satis
418 1364 449 1402 si
465 1362 691 1412 intelligitis,
712 1362 817 1400 aliud
832 1370 900 1410 est,
916 1362 1020 1414 quod
1037 1363 1162 1413 potius
1179 1363 1409 1402 fabulemur.

298 1418 418 1455 Ammo
451 1415 622 1454 Stultitia
647 1423 761 1466 atque
782 1416 999 1467 insipientia
1024 1415 1171 1454 insulsa
1189 1423 1304 1468 atque
1324 1429 1406 1455 ma-

458 1481 579 1506 xuma
595 1469 677 1507 haec
695 1469 756 1517 sit,
1382 1471 1408 1508 5

301 1521 401 1559 Me
390 1535 444 1560 ire
461 1522 500 1559 in
520 1534 616 1573 opus
633 1523 816 1571 alienum,
835 1530 902 1561 aut
919 1522 991 1560 tibi
1008 1534 1135 1559 meam
1153 1533 1306 1573 operam
1324 1523 1409 1574 pol-

461 1575 610 1621 licitati,
652 1581 657 1586 ”
680 1613 683 1617 ,
723 1614 727 1617 ‚
742 1604 746 1607 .

301 1628 343 1666 Si
363 1628 408 1665 ea
429 1628 470 1665 in
488 1628 664 1678 opificina
682 1629 847 1668 nesciam
864 1636 931 1667 aut
948 1628 1051 1666 mala
1069 1641 1148 1667 esse
1166 1635 1233 1667 aut
1253 1629 1406 1669 fraudu-

459 1681 575 1718 lenta.

302 1735 437 1783 Perip.
465 1734 524 1771 At
541 1734 677 1772 melius
695 1743 751 1774 est
767 1735 964 1774 monerier.

756 1791 873 1828 Acro.
902 1789 1145 1827 Meretricem
1163 1789 1408 1837 commoneri,

303 1840 435 1888 Quam
452 1852 542 1878 sane
558 1841 690 1891 magni
708 1843 856 1891 referat,
876 1841 973 1880 mihi
990 1842 1089 1880 clam
1109 1849 1177 1881 est.
1214 1842 1321 1890 Quin
1340 1855 1410 1893 ego

464 1907 526 1932 me
544 1894 698 1942 frustro,

303 1946 514 1998 Postquam
543 1947 722 1987 adbibere
750 1961 858 1987 aures
890 1961 985 1987 meae
1014 1954 1123 1988 tuam
1149 1961 1297 2013 moram
1327 1962 1410 1993 ora-

462 2000 587 2038 tionis.
1165 2031 1175 2042 ‚
1221 2032 1228 2042 ..
1277 2013 1331 2036 {w
1361 2003 1435 2041 10“Δ

302 2053 395 2091 Tibi
412 2053 507 2099 dixi,
523 2054 641 2092 Miles
656 2055 980 2106 quemadmodum
999 2055 1099 2107 potis
1112 2064 1207 2096 esset
1218 2056 1408 2096 deascian.
1427 2060 1435 2064 ”

306 2109 439 2157 Perip.
467 2081 526 2144 A't
543 2119 657 2198 nennio
676 2109 778 2146 solus
803 2108 892 2147 satis
916 2109 1037 2161 sapit.
1067 2121 1157 2148 nam
1180 2123 1249 2160 ego
1267 2109 1408 2148 multos

463 2173 562 2211 saepe
579 2173 617 2199 vi
644 2174 657 2198 1
