<?xml version="1.0" encoding="UTF-8"?>
<!DOCTYPE html PUBLIC "-//W3C//DTD XHTML 1.0 Transitional//EN"
    "http://www.w3.org/TR/xhtml1/DTD/xhtml1-transitional.dtd">
<html xmlns="http://www.w3.org/1999/xhtml" xml:lang="en" lang="en">
 <head>
  <title>
</title>
<meta http-equiv="Content-Type" content="text/html;charset=utf-8" />
  <meta name='ocr-system' content='tesseract 3.04.00' />
  <meta name='ocr-capabilities' content='ocr_page ocr_carea ocr_par ocr_line ocrx_word'/>
</head>
<body>
  <div class='ocr_page' id='page_1' title='image "./comoediaesupers02plauuoft_0104.png"; bbox 0 0 1435 2400; ppageno 0'>
   <div class='ocr_carea' id='block_1_1' title="bbox 217 96 1029 136">
    <p class='ocr_par' dir='ltr' id='par_1_1' title="bbox 217 96 1029 136">
     <span class='ocr_line' id='line_1_1' title="bbox 217 96 1029 136; baseline 0 -1"><span class='ocrx_word' id='word_1_1' title='bbox 217 98 270 135; x_wconf 80' lang='lat'>96</span> <span class='ocrx_word' id='word_1_2' title='bbox 491 96 881 136; x_wconf 82' lang='lat' dir='ltr'><strong>MENAECHMEI·</strong></span> <span class='ocrx_word' id='word_1_3' title='bbox 904 97 965 136; x_wconf 89' lang='lat'>11.</span> <span class='ocrx_word' id='word_1_4' title='bbox 990 100 1029 135; x_wconf 82' lang='lat'>2.</span> 
     </span>
    </p>
   </div>
   <div class='ocr_carea' id='block_1_2' title="bbox 210 202 1317 1952">
    <p class='ocr_par' dir='ltr' id='par_1_2' title="bbox 210 202 1317 1952">
     <span class='ocr_line' id='line_1_2' title="bbox 216 202 1316 252; baseline 0.002 -13"><span class='ocrx_word' id='word_1_5' title='bbox 216 204 328 240; x_wconf 77' lang='lat' dir='ltr'>Men.</span> <span class='ocrx_word' id='word_1_6' title='bbox 350 203 439 240; x_wconf 89' lang='lat' dir='ltr'>Non</span> <span class='ocrx_word' id='word_1_7' title='bbox 453 202 618 252; x_wconf 89' lang='lat' dir='ltr'>(edepol)</span> <span class='ocrx_word' id='word_1_8' title='bbox 633 210 675 240; x_wconf 91' lang='lat' dir='ltr'>tu</span> <span class='ocrx_word' id='word_1_9' title='bbox 693 203 807 241; x_wconf 89' lang='lat' dir='ltr'>homo</span> <span class='ocrx_word' id='word_1_10' title='bbox 825 215 938 241; x_wconf 89' lang='lat' dir='ltr'>sanus</span> <span class='ocrx_word' id='word_1_11' title='bbox 957 216 1008 251; x_wconf 61' lang='lat' dir='ltr'>ec,</span> <span class='ocrx_word' id='word_1_12' title='bbox 1033 211 1131 241; x_wconf 86' lang='lat' dir='ltr'>certo</span> <span class='ocrx_word' id='word_1_13' title='bbox 1149 203 1235 241; x_wconf 90' lang='lat' dir='ltr'>scio.</span> <span class='ocrx_word' id='word_1_14' title='bbox 1263 205 1316 240; x_wconf 86' lang='lat'>50</span> 
     </span>
     <span class='ocr_line' id='line_1_3' title="bbox 218 255 1317 306; baseline -0.001 -12"><span class='ocrx_word' id='word_1_15' title='bbox 218 257 305 304; x_wconf 71' lang='lat' dir='ltr'><em>Cyl.</em></span> <span class='ocrx_word' id='word_1_16' title='bbox 333 255 362 293; x_wconf 84' lang='lat' dir='ltr'>J</span> <span class='ocrx_word' id='word_1_17' title='bbox 364 268 426 293; x_wconf 85' lang='lat' dir='ltr'>am</span> <span class='ocrx_word' id='word_1_18' title='bbox 453 268 540 306; x_wconf 88' lang='lat' dir='ltr'>ergo</span> <span class='ocrx_word' id='word_1_19' title='bbox 565 256 646 293; x_wconf 87' lang='lat' dir='ltr'>haec</span> <span class='ocrx_word' id='word_1_20' title='bbox 671 257 893 305; x_wconf 88' lang='lat' dir='ltr'>madebunt,</span> <span class='ocrx_word' id='word_1_21' title='bbox 920 255 1033 293; x_wconf 86' lang='lat' dir='ltr'><strong>faxo:</strong></span> <span class='ocrx_word' id='word_1_22' title='bbox 1072 256 1167 293; x_wconf 88' lang='lat' dir='ltr'>nihil</span> <span class='ocrx_word' id='word_1_23' title='bbox 1193 268 1317 294; x_wconf 86' lang='lat' dir='ltr'>mora-</span> 
     </span>
     <span class='ocr_line' id='line_1_4' title="bbox 376 309 488 346; baseline -0.009 0"><span class='ocrx_word' id='word_1_24' title='bbox 376 309 488 346; x_wconf 86' lang='lat' dir='ltr'>bitur.</span> 
     </span>
     <span class='ocr_line' id='line_1_5' title="bbox 216 361 1080 412; baseline 0.001 -13"><span class='ocrx_word' id='word_1_25' title='bbox 216 362 332 399; x_wconf 90' lang='lat' dir='ltr'><strong>Proin</strong></span> <span class='ocrx_word' id='word_1_26' title='bbox 349 369 392 399; x_wconf 89' lang='lat' dir='ltr'>tu</span> <span class='ocrx_word' id='word_1_27' title='bbox 410 373 457 399; x_wconf 91' lang='lat' dir='ltr'>ne</span> <span class='ocrx_word' id='word_1_28' title='bbox 471 374 547 412; x_wconf 90' lang='lat' dir='ltr'>quo</span> <span class='ocrx_word' id='word_1_29' title='bbox 565 363 674 400; x_wconf 87' lang='lat' dir='ltr'><strong>abeas</strong></span> <span class='ocrx_word' id='word_1_30' title='bbox 691 362 842 412; x_wconf 85' lang='lat' dir='ltr'>longius</span> <span class='ocrx_word' id='word_1_31' title='bbox 860 363 908 400; x_wconf 90' lang='lat' dir='ltr'>ab</span> <span class='ocrx_word' id='word_1_32' title='bbox 927 361 1080 400; x_wconf 83' lang='lat' dir='ltr'>aedibus.</span> 
     </span>
     <span class='ocr_line' id='line_1_6' title="bbox 220 414 527 466; baseline 0 -14"><span class='ocrx_word' id='word_1_33' title='bbox 220 414 422 466; x_wconf 88' lang='lat' dir='ltr'><strong>Numquid</strong></span> <span class='ocrx_word' id='word_1_34' title='bbox 442 414 496 452; x_wconf 84' lang='lat' dir='ltr'>vis</span> <span class='ocrx_word' id='word_1_35' title='bbox 511 417 527 452; x_wconf 77' lang='lat'>,⁹</span> 
     </span>
     <span class='ocr_line' id='line_1_7' title="bbox 400 467 1314 506; baseline 0.001 -1"><span class='ocrx_word' id='word_1_36' title='bbox 400 469 513 505; x_wconf 69' lang='lat' dir='ltr'>BIen.</span> <span class='ocrx_word' id='word_1_37' title='bbox 542 468 598 505; x_wconf 82' lang='lat' dir='ltr'>Ut</span> <span class='ocrx_word' id='word_1_38' title='bbox 617 479 678 505; x_wconf 88' lang='lat' dir='ltr'>eas</span> <span class='ocrx_word' id='word_1_39' title='bbox 696 479 919 505; x_wconf 82' lang='lat' dir='ltr'><strong>maxumam</strong></span> <span class='ocrx_word' id='word_1_40' title='bbox 937 467 975 504; x_wconf 92' lang='lat' dir='ltr'>in</span> <span class='ocrx_word' id='word_1_41' title='bbox 996 468 1137 505; x_wconf 87' lang='lat' dir='ltr'>malam</span> <span class='ocrx_word' id='word_1_42' title='bbox 1154 480 1314 506; x_wconf 85' lang='lat' dir='ltr'>crucem.</span> 
     </span>
     <span class='ocr_line' id='line_1_8' title="bbox 219 519 1315 571; baseline -0.001 -12"><span class='ocrx_word' id='word_1_43' title='bbox 219 521 305 569; x_wconf 74' lang='lat' dir='ltr'><em>Cyl.</em></span> <span class='ocrx_word' id='word_1_44' title='bbox 333 519 394 558; x_wconf 90' lang='lat' dir='ltr'>Ire</span> <span class='ocrx_word' id='word_1_45' title='bbox 411 519 581 571; x_wconf 88' lang='lat' dir='ltr'>(hercle)</span> <span class='ocrx_word' id='word_1_46' title='bbox 602 519 719 558; x_wconf 89' lang='lat' dir='ltr'>meliu</span> <span class='ocrx_word' id='word_1_47' title='bbox 731 519 776 557; x_wconf 88' lang='lat' dir='ltr'>’st</span> <span class='ocrx_word' id='word_1_48' title='bbox 795 527 831 557; x_wconf 89' lang='lat' dir='ltr'>te</span> <span class='ocrx_word' id='word_1_49' title='bbox 847 520 1013 568; x_wconf 89' lang='lat' dir='ltr'>interim,</span> <span class='ocrx_word' id='word_1_50' title='bbox 1034 528 1147 571; x_wconf 86' lang='lat' dir='ltr'>atque</span> <span class='ocrx_word' id='word_1_51' title='bbox 1165 533 1315 559; x_wconf 83' lang='lat' dir='ltr'>accum-</span> 
     </span>
     <span class='ocr_line' id='line_1_9' title="bbox 374 575 474 619; baseline 0 -8"><span class='ocrx_word' id='word_1_52' title='bbox 374 575 474 619; x_wconf 88' lang='lat' dir='ltr'>bere,</span> 
     </span>
     <span class='ocr_line' id='line_1_10' title="bbox 216 625 1314 677; baseline 0 -14"><span class='ocrx_word' id='word_1_53' title='bbox 216 626 323 663; x_wconf 90' lang='lat' dir='ltr'>Dum</span> <span class='ocrx_word' id='word_1_54' title='bbox 343 639 411 676; x_wconf 89' lang='lat' dir='ltr'>ego</span> <span class='ocrx_word' id='word_1_55' title='bbox 428 626 508 664; x_wconf 88' lang='lat' dir='ltr'>haec</span> <span class='ocrx_word' id='word_1_56' title='bbox 522 637 670 677; x_wconf 89' lang='lat' dir='ltr'>appono</span> <span class='ocrx_word' id='word_1_57' title='bbox 689 626 736 663; x_wconf 83' lang='lat' dir='ltr'>ad</span> <span class='ocrx_word' id='word_1_58' title='bbox 755 625 914 663; x_wconf 86' lang='lat' dir='ltr'>Volcani</span> <span class='ocrx_word' id='word_1_59' title='bbox 932 626 1158 665; x_wconf 87' lang='lat' dir='ltr'>violentiam.</span> <span class='ocrx_word' id='word_1_60' title='bbox 1262 628 1314 663; x_wconf 90' lang='lat'>55</span> 
     </span>
     <span class='ocr_line' id='line_1_11' title="bbox 217 678 1076 726; baseline 0.001 -10"><span class='ocrx_word' id='word_1_61' title='bbox 217 679 288 716; x_wconf 92' lang='lat' dir='ltr'>Ibo</span> <span class='ocrx_word' id='word_1_62' title='bbox 306 678 416 721; x_wconf 81' lang='lat' dir='ltr'>intro,</span> <span class='ocrx_word' id='word_1_63' title='bbox 437 686 473 716; x_wconf 88' lang='lat' dir='ltr'>et</span> <span class='ocrx_word' id='word_1_64' title='bbox 493 679 615 716; x_wconf 84' lang='lat' dir='ltr'>dicam</span> <span class='ocrx_word' id='word_1_65' title='bbox 635 686 670 716; x_wconf 89' lang='lat' dir='ltr'>te</span> <span class='ocrx_word' id='word_1_66' title='bbox 688 679 750 716; x_wconf 76' lang='lat' dir='ltr'>hic</span> <span class='ocrx_word' id='word_1_67' title='bbox 769 678 912 717; x_wconf 85' lang='lat' dir='ltr'>adstare</span> <span class='ocrx_word' id='word_1_68' title='bbox 932 680 1076 726; x_wconf 89' lang='lat' dir='ltr'>Erotio,</span> 
     </span>
     <span class='ocr_line' id='line_1_12' title="bbox 217 731 1233 782; baseline 0.001 -13"><span class='ocrx_word' id='word_1_69' title='bbox 217 732 272 770; x_wconf 91' lang='lat' dir='ltr'>Ut</span> <span class='ocrx_word' id='word_1_70' title='bbox 289 738 325 769; x_wconf 85' lang='lat' dir='ltr'>te</span> <span class='ocrx_word' id='word_1_71' title='bbox 342 731 430 769; x_wconf 84' lang='lat' dir='ltr'>hinc</span> <span class='ocrx_word' id='word_1_72' title='bbox 449 732 621 777; x_wconf 80' lang='lat' dir='ltr'>abducat,</span> <span class='ocrx_word' id='word_1_73' title='bbox 641 731 766 782; x_wconf 88' lang='lat' dir='ltr'>potius</span> <span class='ocrx_word' id='word_1_74' title='bbox 785 744 899 782; x_wconf 90' lang='lat' dir='ltr'>quam</span> <span class='ocrx_word' id='word_1_75' title='bbox 913 731 977 770; x_wconf 82' lang='lat' dir='ltr'>hic</span> <span class='ocrx_word' id='word_1_76' title='bbox 994 732 1115 771; x_wconf 86' lang='lat' dir='ltr'>adstes</span> <span class='ocrx_word' id='word_1_77' title='bbox 1132 732 1233 770; x_wconf 86' lang='lat' dir='ltr'>foris.</span> 
     </span>
     <span class='ocr_line' id='line_1_13' title="bbox 219 783 1175 835; baseline 0.001 -13"><span class='ocrx_word' id='word_1_78' title='bbox 219 786 335 822; x_wconf 79' lang='lat' dir='ltr'>Men.</span> <span class='ocrx_word' id='word_1_79' title='bbox 363 784 504 822; x_wconf 82' lang='lat' dir='ltr'>Jamne</span> <span class='ocrx_word' id='word_1_80' title='bbox 523 783 641 822; x_wconf 84' lang='lat' dir='ltr'>abiit?</span> <span class='ocrx_word' id='word_1_81' title='bbox 676 784 840 835; x_wconf 88' lang='lat' dir='ltr'>Edepol,</span> <span class='ocrx_word' id='word_1_82' title='bbox 858 784 961 823; x_wconf 87' lang='lat' dir='ltr'><strong>haud</strong></span> <span class='ocrx_word' id='word_1_83' title='bbox 979 786 1175 823; x_wconf 83' lang='lat' dir='ltr'>mendacia</span> 
     </span>
     <span class='ocr_line' id='line_1_14' title="bbox 219 837 732 888; baseline 0.002 -14"><span class='ocrx_word' id='word_1_84' title='bbox 219 837 308 874; x_wconf 91' lang='lat' dir='ltr'>Tua</span> <span class='ocrx_word' id='word_1_85' title='bbox 326 839 437 875; x_wconf 87' lang='lat' dir='ltr'>verba</span> <span class='ocrx_word' id='word_1_86' title='bbox 456 837 626 888; x_wconf 81' lang='lat' dir='ltr'>experior</span> <span class='ocrx_word' id='word_1_87' title='bbox 644 850 732 875; x_wconf 60' lang='lat' dir='ltr'>esse.</span> 
     </span>
     <span class='ocr_line' id='line_1_15' title="bbox 744 891 1227 930; baseline 0.004 -2"><span class='ocrx_word' id='word_1_88' title='bbox 744 892 847 928; x_wconf 81' lang='lat' dir='ltr'>Mes.</span> <span class='ocrx_word' id='word_1_89' title='bbox 877 891 1085 930; x_wconf 81' lang='lat' dir='ltr'>Observato</span> <span class='ocrx_word' id='word_1_90' title='bbox 1102 891 1227 930; x_wconf 87' lang='lat' dir='ltr'>modo.</span> 
     </span>
     <span class='ocr_line' id='line_1_16' title="bbox 213 943 1313 991; baseline 0 -8"><span class='ocrx_word' id='word_1_91' title='bbox 213 946 319 983; x_wconf 90' lang='lat' dir='ltr'>Nam</span> <span class='ocrx_word' id='word_1_92' title='bbox 337 944 419 982; x_wconf 87' lang='lat' dir='ltr'>istic</span> <span class='ocrx_word' id='word_1_93' title='bbox 436 943 666 982; x_wconf 77' lang='lat' dir='ltr'>meretricem</span> <span class='ocrx_word' id='word_1_94' title='bbox 684 944 795 981; x_wconf 83' lang='lat' dir='ltr'>credo</span> <span class='ocrx_word' id='word_1_95' title='bbox 812 944 979 981; x_wconf 85' lang='lat' dir='ltr'>habitare</span> <span class='ocrx_word' id='word_1_96' title='bbox 997 945 1208 991; x_wconf 86' lang='lat' dir='ltr'>mulierem,</span> <span class='ocrx_word' id='word_1_97' title='bbox 1261 945 1313 983; x_wconf 82' lang='lat'>60</span> 
     </span>
     <span class='ocr_line' id='line_1_17' title="bbox 214 996 1280 1048; baseline -0.002 -11"><span class='ocrx_word' id='word_1_98' title='bbox 214 998 284 1037; x_wconf 75' lang='lat' dir='ltr'>Uti</span> <span class='ocrx_word' id='word_1_99' title='bbox 301 997 455 1048; x_wconf 89' lang='lat' dir='ltr'>quidem</span> <span class='ocrx_word' id='word_1_100' title='bbox 473 997 537 1034; x_wconf 85' lang='lat' dir='ltr'>isse</span> <span class='ocrx_word' id='word_1_101' title='bbox 555 996 707 1034; x_wconf 87' lang='lat' dir='ltr'>insanus</span> <span class='ocrx_word' id='word_1_102' title='bbox 726 996 836 1043; x_wconf 83' lang='lat' dir='ltr'>dixit,</span> <span class='ocrx_word' id='word_1_103' title='bbox 857 996 923 1047; x_wconf 92' lang='lat' dir='ltr'>qui</span> <span class='ocrx_word' id='word_1_104' title='bbox 940 997 1027 1035; x_wconf 89' lang='lat' dir='ltr'>hinc</span> <span class='ocrx_word' id='word_1_105' title='bbox 1046 997 1138 1035; x_wconf 90' lang='lat' dir='ltr'>abiit</span> <span class='ocrx_word' id='word_1_106' title='bbox 1155 997 1280 1035; x_wconf 90' lang='lat' dir='ltr'>modo.</span> 
     </span>
     <span class='ocr_line' id='line_1_18' title="bbox 216 1049 1219 1100; baseline 0 -12"><span class='ocrx_word' id='word_1_107' title='bbox 216 1054 328 1089; x_wconf 80' lang='lat' dir='ltr'>Men.</span> <span class='ocrx_word' id='word_1_108' title='bbox 356 1049 431 1087; x_wconf 89' lang='lat' dir='ltr'>Sed</span> <span class='ocrx_word' id='word_1_109' title='bbox 449 1049 576 1095; x_wconf 90' lang='lat' dir='ltr'>miror,</span> <span class='ocrx_word' id='word_1_110' title='bbox 597 1050 664 1100; x_wconf 87' lang='lat' dir='ltr'>qui</span> <span class='ocrx_word' id='word_1_111' title='bbox 684 1049 747 1087; x_wconf 87' lang='lat' dir='ltr'>ille</span> <span class='ocrx_word' id='word_1_112' title='bbox 766 1050 909 1087; x_wconf 78' lang='lat' dir='ltr'>noverit</span> <span class='ocrx_word' id='word_1_113' title='bbox 922 1061 1058 1087; x_wconf 91' lang='lat' dir='ltr'>nomen</span> <span class='ocrx_word' id='word_1_114' title='bbox 1077 1063 1219 1088; x_wconf 88' lang='lat' dir='ltr'>meum.</span> 
     </span>
     <span class='ocr_line' id='line_1_19' title="bbox 215 1101 1316 1151; baseline 0.001 -10"><span class='ocrx_word' id='word_1_115' title='bbox 215 1106 319 1141; x_wconf 80' lang='lat' dir='ltr'>Mes.</span> <span class='ocrx_word' id='word_1_116' title='bbox 348 1102 514 1140; x_wconf 84' lang='lat' dir='ltr'>Minime</span> <span class='ocrx_word' id='word_1_117' title='bbox 534 1101 703 1151; x_wconf 89' lang='lat' dir='ltr'>(hercle)</span> <span class='ocrx_word' id='word_1_118' title='bbox 724 1102 879 1139; x_wconf 86' lang='lat' dir='ltr'>mirum.</span> <span class='ocrx_word' id='word_1_119' title='bbox 911 1102 1063 1140; x_wconf 85' lang='lat' dir='ltr'>Morem</span> <span class='ocrx_word' id='word_1_120' title='bbox 1077 1102 1180 1141; x_wconf 89' lang='lat' dir='ltr'>hunc</span> <span class='ocrx_word' id='word_1_121' title='bbox 1196 1116 1316 1143; x_wconf 89' lang='lat' dir='ltr'>mere-</span> 
     </span>
     <span class='ocr_line' id='line_1_20' title="bbox 373 1155 661 1193; baseline -0.003 0"><span class='ocrx_word' id='word_1_122' title='bbox 373 1155 480 1193; x_wconf 66' lang='lat' dir='ltr'>trices</span> <span class='ocrx_word' id='word_1_123' title='bbox 497 1156 661 1193; x_wconf 84' lang='lat' dir='ltr'>habent:</span> 
     </span>
     <span class='ocr_line' id='line_1_21' title="bbox 214 1209 1061 1259; baseline 0.001 -12"><span class='ocrx_word' id='word_1_124' title='bbox 214 1209 282 1247; x_wconf 88' lang='lat' dir='ltr'>Ad</span> <span class='ocrx_word' id='word_1_125' title='bbox 299 1216 451 1259; x_wconf 84' lang='lat' dir='ltr'>portum</span> <span class='ocrx_word' id='word_1_126' title='bbox 469 1209 627 1246; x_wconf 88' lang='lat' dir='ltr'>mittunt</span> <span class='ocrx_word' id='word_1_127' title='bbox 644 1209 822 1257; x_wconf 77' lang='lat' dir='ltr'>servulos,</span> <span class='ocrx_word' id='word_1_128' title='bbox 843 1210 1061 1248; x_wconf 75' lang='lat' dir='ltr'>ancillulas:</span> 
     </span>
     <span class='ocr_line' id='line_1_22' title="bbox 214 1261 1312 1313; baseline -0.001 -13"><span class='ocrx_word' id='word_1_129' title='bbox 214 1263 255 1301; x_wconf 88' lang='lat' dir='ltr'>Si</span> <span class='ocrx_word' id='word_1_130' title='bbox 274 1275 350 1313; x_wconf 84' lang='lat' dir='ltr'>qua</span> <span class='ocrx_word' id='word_1_131' title='bbox 363 1261 558 1313; x_wconf 85' lang='lat' dir='ltr'>peregrina</span> <span class='ocrx_word' id='word_1_132' title='bbox 575 1262 681 1300; x_wconf 86' lang='lat' dir='ltr'>navis</span> <span class='ocrx_word' id='word_1_133' title='bbox 699 1262 739 1300; x_wconf 89' lang='lat' dir='ltr'>in</span> <span class='ocrx_word' id='word_1_134' title='bbox 757 1271 908 1313; x_wconf 89' lang='lat' dir='ltr'>portum</span> <span class='ocrx_word' id='word_1_135' title='bbox 927 1263 1089 1307; x_wconf 86' lang='lat' dir='ltr'>advenit,</span> <span class='ocrx_word' id='word_1_136' title='bbox 1263 1263 1312 1300; x_wconf 89' lang='grc'>65</span> 
     </span>
     <span class='ocr_line' id='line_1_23' title="bbox 216 1315 1032 1366; baseline 0.002 -14"><span class='ocrx_word' id='word_1_137' title='bbox 216 1316 384 1365; x_wconf 87' lang='lat' dir='ltr'>Rogant,</span> <span class='ocrx_word' id='word_1_138' title='bbox 404 1315 536 1363; x_wconf 85' lang='lat' dir='ltr'>cujatis</span> <span class='ocrx_word' id='word_1_139' title='bbox 554 1315 614 1363; x_wconf 86' lang='lat' dir='ltr'>sit,</span> <span class='ocrx_word' id='word_1_140' title='bbox 633 1315 727 1366; x_wconf 85' lang='lat' dir='ltr'>quid</span> <span class='ocrx_word' id='word_1_141' title='bbox 747 1316 781 1353; x_wconf 93' lang='lat' dir='ltr'>ei</span> <span class='ocrx_word' id='word_1_142' title='bbox 797 1328 934 1354; x_wconf 88' lang='lat' dir='ltr'>nomen</span> <span class='ocrx_word' id='word_1_143' title='bbox 953 1317 1032 1354; x_wconf 86' lang='lat' dir='ltr'>siet.</span> 
     </span>
     <span class='ocr_line' id='line_1_24' title="bbox 215 1368 1154 1419; baseline 0 -13"><span class='ocrx_word' id='word_1_144' title='bbox 215 1369 306 1406; x_wconf 88' lang='lat' dir='ltr'>Post</span> <span class='ocrx_word' id='word_1_145' title='bbox 324 1368 399 1405; x_wconf 83' lang='lat' dir='ltr'>inae</span> <span class='ocrx_word' id='word_1_146' title='bbox 416 1369 606 1419; x_wconf 79' lang='lat' dir='ltr'>extemplo</span> <span class='ocrx_word' id='word_1_147' title='bbox 626 1381 663 1406; x_wconf 92' lang='lat' dir='ltr'>se</span> <span class='ocrx_word' id='word_1_148' title='bbox 681 1369 884 1419; x_wconf 84' lang='lat' dir='ltr'>applicant,</span> <span class='ocrx_word' id='word_1_149' title='bbox 903 1369 1154 1419; x_wconf 84' lang='lat' dir='ltr'><strong>agglutinant.</strong></span> 
     </span>
     <span class='ocr_line' id='line_1_25' title="bbox 213 1420 1115 1472; baseline -0.002 -12"><span class='ocrx_word' id='word_1_150' title='bbox 213 1422 255 1460; x_wconf 90' lang='lat' dir='ltr'>Si</span> <span class='ocrx_word' id='word_1_151' title='bbox 274 1420 521 1472; x_wconf 79' lang='lat' dir='ltr'>pellexerunt,</span> <span class='ocrx_word' id='word_1_152' title='bbox 541 1421 731 1471; x_wconf 92' lang='lat' dir='ltr'>perditum</span> <span class='ocrx_word' id='word_1_153' title='bbox 749 1421 928 1459; x_wconf 85' lang='lat' dir='ltr'>amittunt</span> <span class='ocrx_word' id='word_1_154' title='bbox 946 1422 1115 1460; x_wconf 89' lang='lat' dir='ltr'>domum.</span> 
     </span>
     <span class='ocr_line' id='line_1_26' title="bbox 215 1473 1087 1526; baseline 0 -14"><span class='ocrx_word' id='word_1_155' title='bbox 215 1476 330 1512; x_wconf 91' lang='lat' dir='ltr'>Nunc</span> <span class='ocrx_word' id='word_1_156' title='bbox 347 1473 386 1510; x_wconf 89' lang='lat' dir='ltr'>in</span> <span class='ocrx_word' id='word_1_157' title='bbox 405 1473 497 1511; x_wconf 85' lang='lat' dir='ltr'>istoc</span> <span class='ocrx_word' id='word_1_158' title='bbox 514 1481 623 1523; x_wconf 88' lang='lat' dir='ltr'>portu</span> <span class='ocrx_word' id='word_1_159' title='bbox 642 1482 714 1511; x_wconf 85' lang='lat' dir='ltr'><strong>stat</strong></span> <span class='ocrx_word' id='word_1_160' title='bbox 732 1475 837 1512; x_wconf 87' lang='lat' dir='ltr'>navis</span> <span class='ocrx_word' id='word_1_161' title='bbox 855 1475 1087 1526; x_wconf 86' lang='lat' dir='ltr'>praedatoria,</span> 
     </span>
     <span class='ocr_line' id='line_1_27' title="bbox 211 1526 1310 1577; baseline 0.003 -12"><span class='ocrx_word' id='word_1_162' title='bbox 211 1528 298 1565; x_wconf 90' lang='lat' dir='ltr'>Abs</span> <span class='ocrx_word' id='word_1_163' title='bbox 317 1526 394 1577; x_wconf 56' lang='lat' dir='ltr'>qua</span> <span class='ocrx_word' id='word_1_164' title='bbox 412 1526 620 1564; x_wconf 86' lang='lat' dir='ltr'>cavendum</span> <span class='ocrx_word' id='word_1_165' title='bbox 639 1527 745 1564; x_wconf 90' lang='lat' dir='ltr'>nobis</span> <span class='ocrx_word' id='word_1_166' title='bbox 763 1540 852 1565; x_wconf 86' lang='lat' dir='ltr'>sane</span> <span class='ocrx_word' id='word_1_167' title='bbox 870 1541 1010 1566; x_wconf 89' lang='lat' dir='ltr'>censeo.</span> <span class='ocrx_word' id='word_1_168' title='bbox 1259 1530 1310 1574; x_wconf 89' lang='grc'>70</span> 
     </span>
     <span class='ocr_line' id='line_1_28' title="bbox 213 1579 984 1630; baseline 0.003 -13"><span class='ocrx_word' id='word_1_169' title='bbox 213 1582 326 1618; x_wconf 78' lang='lat' dir='ltr'>Men.</span> <span class='ocrx_word' id='word_1_170' title='bbox 359 1579 496 1617; x_wconf 56' lang='lat' dir='ltr'>Mon&amp;</span> <span class='ocrx_word' id='word_1_171' title='bbox 511 1580 664 1630; x_wconf 88' lang='lat' dir='ltr'>quidem</span> <span class='ocrx_word' id='word_1_172' title='bbox 685 1580 852 1630; x_wconf 88' lang='lat' dir='ltr'>(hercle)</span> <span class='ocrx_word' id='word_1_173' title='bbox 873 1588 984 1619; x_wconf 91' lang='lat' dir='ltr'>recte.</span> 
     </span>
     <span class='ocr_line' id='line_1_29' title="bbox 766 1634 1312 1675; baseline 0.009 -4"><span class='ocrx_word' id='word_1_174' title='bbox 766 1636 870 1672; x_wconf 79' lang='lat' dir='ltr'>Mes.</span> <span class='ocrx_word' id='word_1_175' title='bbox 900 1634 1006 1672; x_wconf 90' lang='lat' dir='ltr'>Tum</span> <span class='ocrx_word' id='word_1_176' title='bbox 1023 1634 1179 1674; x_wconf 86' lang='lat' dir='ltr'>demum</span> <span class='ocrx_word' id='word_1_177' title='bbox 1197 1636 1312 1675; x_wconf 88' lang='lat' dir='ltr'>sciam</span> 
     </span>
     <span class='ocr_line' id='line_1_30' title="bbox 210 1686 943 1734; baseline 0.003 -10"><span class='ocrx_word' id='word_1_178' title='bbox 210 1687 328 1724; x_wconf 71' lang='lat' dir='ltr'>Recte</span> <span class='ocrx_word' id='word_1_179' title='bbox 346 1687 548 1734; x_wconf 88' lang='lat' dir='ltr'>monuisse,</span> <span class='ocrx_word' id='word_1_180' title='bbox 569 1686 601 1724; x_wconf 88' lang='lat' dir='ltr'>si</span> <span class='ocrx_word' id='word_1_181' title='bbox 619 1693 661 1724; x_wconf 87' lang='lat' dir='ltr'>tu</span> <span class='ocrx_word' id='word_1_182' title='bbox 679 1693 775 1725; x_wconf 89' lang='lat' dir='ltr'>recte</span> <span class='ocrx_word' id='word_1_183' title='bbox 793 1687 943 1726; x_wconf 85' lang='lat' dir='ltr'>caveris.</span> 
     </span>
     <span class='ocr_line' id='line_1_31' title="bbox 212 1740 1309 1793; baseline 0.005 -17"><span class='ocrx_word' id='word_1_184' title='bbox 212 1741 324 1777; x_wconf 81' lang='lat' dir='ltr'>Men.</span> <span class='ocrx_word' id='word_1_185' title='bbox 352 1740 548 1778; x_wconf 88' lang='lat' dir='ltr'>Tacedum</span> <span class='ocrx_word' id='word_1_186' title='bbox 566 1752 790 1791; x_wconf 83' lang='lat' dir='ltr'>parumper:</span> <span class='ocrx_word' id='word_1_187' title='bbox 821 1752 912 1778; x_wconf 86' lang='lat' dir='ltr'>nam</span> <span class='ocrx_word' id='word_1_188' title='bbox 926 1742 1140 1793; x_wconf 80' lang='lat' dir='ltr'>concrepuit</span> <span class='ocrx_word' id='word_1_189' title='bbox 1157 1742 1309 1782; x_wconf 82' lang='lat' dir='ltr'>ostium.</span> 
     </span>
     <span class='ocr_line' id='line_1_32' title="bbox 211 1792 841 1844; baseline 0.002 -14"><span class='ocrx_word' id='word_1_190' title='bbox 211 1792 433 1841; x_wconf 78' lang='lat' dir='ltr'>Videamus,</span> <span class='ocrx_word' id='word_1_191' title='bbox 453 1794 520 1844; x_wconf 91' lang='lat' dir='ltr'>qui</span> <span class='ocrx_word' id='word_1_192' title='bbox 537 1793 625 1832; x_wconf 90' lang='lat' dir='ltr'>hinc</span> <span class='ocrx_word' id='word_1_193' title='bbox 643 1793 841 1844; x_wconf 85' lang='lat' dir='ltr'>egreditur.</span> 
     </span>
     <span class='ocr_line' id='line_1_33' title="bbox 751 1848 1310 1899; baseline 0.007 -15"><span class='ocrx_word' id='word_1_194' title='bbox 751 1849 854 1885; x_wconf 81' lang='lat' dir='ltr'>Mes.</span> <span class='ocrx_word' id='word_1_195' title='bbox 884 1848 970 1886; x_wconf 88' lang='lat' dir='ltr'>Hoc</span> <span class='ocrx_word' id='word_1_196' title='bbox 987 1861 1129 1899; x_wconf 88' lang='lat' dir='ltr'>ponam</span> <span class='ocrx_word' id='word_1_197' title='bbox 1147 1850 1310 1888; x_wconf 82' lang='lat' dir='ltr'>interim.</span> 
     </span>
     <span class='ocr_line' id='line_1_34' title="bbox 211 1898 1308 1952; baseline 0.004 -15"><span class='ocrx_word' id='word_1_198' title='bbox 211 1898 452 1938; x_wconf 86' lang='lat' dir='ltr'>Asservatote</span> <span class='ocrx_word' id='word_1_199' title='bbox 469 1899 563 1949; x_wconf 86' lang='lat' dir='ltr'>haec,</span> <span class='ocrx_word' id='word_1_200' title='bbox 583 1900 704 1949; x_wconf 86' lang='lat' dir='ltr'>sultis,</span> <span class='ocrx_word' id='word_1_201' title='bbox 723 1900 873 1940; x_wconf 86' lang='lat' dir='ltr'>navales</span> <span class='ocrx_word' id='word_1_202' title='bbox 890 1902 1016 1952; x_wconf 60' lang='lat' dir='ltr'>pedm.</span> <span class='ocrx_word' id='word_1_203' title='bbox 1259 1905 1308 1947; x_wconf 89' lang='lat'>75</span> 
     </span>
    </p>
   </div>
  </div>
 </body>
</html>
