1435 2400
269 65 449 107 MILES
477 65 812 106 GLORIOSUS.
842 65 901 104 11.
930 66 968 104 6.
1095 65 1174 104 215

402 175 541 224 Perip.
569 173 652 212 Abi
668 173 767 211 intro
785 173 833 211 ad
853 186 918 211 vos
938 173 1096 211 domum
1124 172 1176 210 54

67 226 283 275 Continuo:
313 227 413 275 vide,
434 227 531 265 sitne
549 227 620 264 ista
636 226 718 264 haec
738 234 862 264 vostra
879 227 983 264 intus
1001 227 1173 264 domum.

65 284 163 322 Scel.
193 280 326 319 Licet:
355 280 513 332 pulchre
543 280 787 318 admonuisti.
833 281 862 318 J
864 293 927 317 am
958 293 1028 330 ego
1061 280 1110 318 ad
1139 286 1177 317 te

224 334 336 372 exibo
353 335 465 372 foras.

65 390 203 439 Perfp.
227 388 441 439 Nunquam
461 387 627 439 (edepol)
645 386 840 425 hominem
860 398 1094 438 quemquam
1112 386 1174 424 lu-

225 440 412 479 dificarier

65 495 198 546 Mag-is
217 495 335 533 facete
352 494 444 541 vidi,
465 501 501 532 et
519 495 643 546 magis
659 493 767 532 miris
787 492 925 531 modis.

65 549 156 597 Sed,
175 561 320 595 eccum,
340 548 542 599 egreditur.

484 602 583 639 Scel.
609 601 947 652 Periplectomene,
966 607 1005 638 te
1023 600 1174 637 obsecro

64 655 140 693 Per
159 655 263 693 Deos
281 663 395 706 atque
412 654 600 702 homines,
620 664 762 706 perque
780 653 980 693 stultitiam
997 665 1140 699 meam,

64 709 216 760 Perque
233 715 301 746 tua
319 721 445 760 genua
464 737 474 746 .
495 737 505 746 .
525 735 535 745 .
560 737 570 746 .

441 764 579 812 Per-ip.
609 761 717 810 Quid
735 763 906 800 obsecras
924 762 1018 798 me?

806 816 905 853 Seel.
931 813 1097 852 Inscitiae
1125 813 1172 850 61

64 869 114 908 M
117 883 170 908 eae
189 876 227 908 et
244 869 417 907 stultitiae
434 869 614 921 ignoscas.
655 868 773 906 Nunc
791 868 948 907 demum
967 867 1044 905 seio

64 923 137 962 Me
155 923 271 961 fuisse
290 922 503 970 excordem,
524 936 680 970 caecum,
700 922 994 973 incogitabilem.

64 976 172 1014 Nam
192 976 516 1014 Philocomasium
535 989 659 1015 eccam
678 977 795 1014 intus.

558 1032 652 1067 Peri
649 1043 692 1080 p.
724 1028 832 1076 Quid
850 1040 967 1076 nunc,
986 1026 1141 1066 furcifer
1157 1028 1176 1064 :³

64 1083 248 1122 Vidistin'
268 1084 400 1121 ambas
414 1086 432 1122 Ρ

305 1138 403 1175 Scel.
431 1136 536 1175 Vidi.

446 1192 583 1240 Per-ip.
612 1188 761 1227 Herum
782 1189 975 1233 exhibeas,
994 1186 1092 1225 volo.
1124 1186 1176 1223 65

66 1245 164 1283 Scel.
191 1243 382 1282 Meruisse
411 1243 589 1294 equidem
616 1255 680 1280 me
704 1255 933 1307 maxumum
955 1241 1073 1279 fateor
1096 1252 1179 1277 ma-

223 1297 322 1345 lum,

65 1351 122 1389 Et
139 1358 215 1389 tuae
233 1350 362 1389 fecisse
377 1363 441 1389 me
453 1349 616 1400 hospitae
633 1348 693 1387 aio
710 1349 915 1399 injuriam·

65 1404 141 1443 Sed
157 1416 286 1443 meam
304 1417 384 1443 esse
400 1403 558 1442 herilem
577 1403 827 1442 concubinam
848 1403 992 1449 censui,

64 1457 171 1505 Quoi
188 1471 251 1497 me
270 1458 464 1496 custodem
481 1457 598 1496 herus
617 1456 762 1495 addidit
780 1456 898 1495 Miles
917 1468 1039 1494 meus.

65 1510 171 1550 Nam
191 1524 239 1550 ex
257 1524 335 1550 uno
352 1518 468 1563 puteo
487 1511 645 1550 similior
662 1523 861 1562 nunquam
879 1517 1000 1562 potest
1127 1508 1180 1552 70

64 1565 185 1616 Aqua
202 1578 313 1616 aquae
331 1565 445 1612 sumi,
465 1577 582 1616 quam
600 1564 682 1602 haec
700 1573 768 1612 est,
789 1573 904 1615 atque
920 1564 992 1602 ista
1009 1561 1172 1613 hospita.

64 1618 122 1709 ξε
138 1631 201 1657 me
218 1618 382 1670 despexe
396 1594 445 1656 ad
463 1626 500 1657 te
517 1631 584 1670 per
601 1618 832 1669 impluvium
852 1626 965 1656 tuum

100 1679 215 1710 ateor-

227 1727 364 1775 Perip.
393 1725 501 1773 Quid
520 1725 560 1762 ni
579 1724 731 1773 fateare,
752 1738 822 1776 ego
836 1724 940 1776 quod
958 1722 1150 1762 viderim?

68 1779 168 1817 Scel
198 1778 275 1816 Sed
294 1779 617 1817 Philocomasium
634 1791 699 1815 me
713 1779 847 1817 vidisse
865 1777 1003 1816 censui.

69 1833 210 1881 Perip.
240 1832 414 1870 Ratusne
431 1845 494 1870 me
511 1832 594 1870 istic
607 1831 803 1870 hominem
821 1844 899 1871 esse
917 1830 1091 1869 omnium
1108 1828 1183 1867 mi-

230 1885 327 1922 nimi
345 1887 459 1946 preti,
1130 1883 1182 1926 75

68 1938 111 1978 Si
129 1950 214 1990 ego,
233 1950 298 1975 me
315 1939 468 1987 sciente,
483 1946 630 1990 paterer
647 1937 771 1977 vicino
788 1950 875 1977 meo

68 1992 172 2030 Eam
190 1991 272 2029 fieri
290 1991 394 2042 apud
410 2005 473 2030 me
489 2001 570 2030 tam
587 1991 768 2042 insignite
785 1991 967 2042 injuriam
979 1990 998 2027 Ρ

71 2047 170 2085 Scel.
200 2044 318 2083 Nunc
336 2044 494 2083 demum
512 2059 534 2084 a
552 2058 615 2084 me
627 2045 846 2097 insipienter
863 2045 1008 2084 factum
1028 2055 1108 2082 aese
1126 2055 1186 2080 ar·

230 2099 362 2144 bitror,

73 2150 204 2198 Quom
223 2164 305 2190 rem
324 2164 531 2203 cognosco:
562 2160 601 2190 at
618 2164 694 2191 non
712 2151 899 2190 malitiose
917 2159 1044 2189 tamen
