1435 2400
234 78 285 114 86
525 74 911 114 MENAECHMEI.
943 75 980 114 1.
1005 77 1046 114 2

235 182 324 233 [Id]
344 194 495 233 quoque
509 182 590 231 jam
609 182 697 230 cari,
718 181 784 232 qui
801 181 1052 242 instruuntur,
1072 181 1261 220 deserunt.

234 236 275 272 N
278 247 351 272 unc
368 235 416 272 ad
433 248 522 272 eum
539 235 671 273 inviso.
726 234 800 272 Sed
817 234 981 284 aperitur
998 235 1150 273 ostium.
1276 235 1330 272 32

235 288 520 326 Menaechmum
534 301 662 326 eccum
680 287 737 337 ips
722 299 807 325 sum
823 287 954 334 vide03
974 288 1211 339 progreditur
1221 287 1334 327 foras.

498 447 679 485 ACTUS
708 446 743 483 Ι.
799 446 982 484 SCENA
1010 447 1071 484 ΙΙ.

358 552 671 590 MENAECHMUS
690 557 904 602 surreptus.
947 551 1219 592 Pssmcunus.

237 660 348 696 Men.
377 659 430 696 Ni
448 658 562 704 mala,
583 658 623 695 ni
647 658 763 696 stulta
781 658 843 705 sis,
869 657 909 695 ni
935 657 1120 697 indomita
1137 659 1334 712 imposque

392 724 523 758 an1m1,

236 764 353 811 Quod
371 765 448 802 viro
467 777 544 802 esse
562 764 646 802 odio
665 764 803 810 videas,
823 771 903 801 tute
922 763 991 801 tibi
1009 765 1095 804 odio
1112 765 1265 805 habeas.

236 818 447 855 Praeterhac
466 818 496 855 si
514 817 609 854 mihi
627 818 701 855 tale
718 824 803 868 post
822 817 923 854 hunc
940 816 1041 855 diem

237 870 368 918 Faxis,
387 873 476 908 faxo
494 871 581 908 foris
599 871 713 908 vidua
730 870 826 908 visas
844 878 1001 920 patrem.

238 924 356 970 Nam,
376 924 519 974 quoties
537 924 635 962 foras
652 924 707 962 ire
724 924 822 971 volo,
843 935 905 960 me
924 923 1072 971 retines,
1092 937 1255 973 revocas,
1311 929 1335 963 5

237 976 408 1026 Rogitas,
427 990 504 1027 quo
522 989 590 1027 ego
609 989 706 1023 eam,
725 989 841 1027 quam
859 989 939 1014 rem
957 990 1082 1027 agam,
1098 978 1191 1029 quid
1209 980 1338 1030 negoti

397 1042 540 1079 geram,

237 1081 343 1128 Quid
361 1090 502 1132 petam,
523 1083 616 1133 quid
633 1083 765 1129 feram,
786 1082 879 1133 quid
896 1082 986 1120 foris
1006 1084 1161 1133 egerim.

238 1134 463 1172 Portitorem
481 1136 638 1173 domum
657 1136 774 1173 duxi·
805 1136 858 1172 ita
876 1147 1029 1173 omnem
1047 1137 1144 1174 mihi

235 1188 336 1225 Rem
354 1201 499 1226 neeesse
516 1189 622 1240 loqui
640 1197 707 1235 est,
728 1189 914 1239 quidquid
933 1189 1006 1239 egi,
1026 1196 1140 1241 atque
1158 1204 1242 1242 ago.

237 1241 413 1278 Nimium
433 1255 501 1292 ego
519 1251 555 1279 te
573 1243 690 1280 habui
708 1242 918 1280 delicatam.
1288 1246 1338 1283 10

238 1295 354 1332 Nunc
381 1294 487 1341 adeo,
518 1303 562 1332 ut
586 1296 767 1343 facturus,
794 1295 928 1333 dicam.
987 1295 1154 1343 Quando
1178 1310 1247 1347 ego
1269 1298 1339 1336 tibi

396 1323 563 1394 1111011133,
582 1361 739 1399 penum,

238 1401 401 1446 Lanam,
431 1413 582 1448 aurum,
612 1410 765 1448 vestem,
796 1413 1019 1452 purpuram,
1048 1404 1144 1441 bene
1174 1405 1338 1454 praebeo,

395 1465 464 1490 nec
481 1453 692 1515 quidquam
710 1467 820 1514 eges3

238 1506 285 1544 M
287 1507 347 1543 310
365 1507 525 1554 cavebis,
545 1507 575 1544 si
594 1508 716 1558 sapis:
746 1508 871 1545 virum
889 1508 1082 1546 observare
1100 1508 1260 1548 desines.

237 1560 369 1610 Atque
388 1559 494 1607 adeo,
519 1571 567 1597 ne
584 1573 647 1598 me
665 1560 925 1611 nequidquam
954 1573 1090 1608 serves,
1110 1564 1159 1600 ob
1178 1575 1264 1602 eam
1280 1565 1340 1604 in-

397 1612 580 1650 dustriam

238 1665 364 1702 Hodie
380 1665 517 1703 ducam
535 1672 724 1713 scortum3
753 1674 866 1718 atque
880 1666 929 1704 ad
945 1678 1088 1705 coenam
1106 1668 1234 1721 aliquo
1251 1684 1340 1711 con-

395 1718 518 1757 dicam
539 1720 651 1758 foras.
1241 1732 1247 1736 “
1290 1727 1339 1764 15

240 1773 337 1809 Ρεη.
367 1771 453 1810 Illic
479 1772 593 1810 homo
615 1786 653 1811 se
678 1773 790 1811 uxori
817 1773 971 1812 simulat
995 1774 1096 1813 male
1119 1775 1253 1827 loqui.
1282 1780 1340 1818 lo-

399 1826 528 1884 quitur
544 1826 651 1864 mihi.

240 1878 357 1924 Nam,
392 1878 423 1916 si
449 1878 540 1916 foris
568 1886 700 1928 coenat,
730 1880 896 1930 profecto
924 1884 1000 1929 me,
1032 1881 1137 1920 haud
1164 1896 1337 1936 uxorem,

398 1931 602 1970 ulciscitur.

243 1985 354 2022 Men.
380 1984 519 2076 Exssax!
546 1986 672 2052 jurgio
693 1986 860 2038 (hercle)
884 1988 1034 2026 tandem
1055 2002 1210 2028 uxorem
1231 1994 1341 2045 abegi

401 2051 424 2075 a
461 2040 593 2088 janua„

243 2090 321 2127 Ubi
340 2099 522 2131 amatores
541 2100 631 2132 sunt
649 2094 802 2132 mariti?
830 2095 929 2134 dona
947 2095 1040 2147 quid
1058 2104 1201 2136 cessant
1219 2098 1314 2138 mihi
