1435 2400
388 73 823 121 MOSTELLARIA.
849 75 886 113 Ι.
913 75 952 113 3.
1139 73 1218 118 273

111 179 280 218 Philem.
305 178 410 219 Cedo
428 193 629 219 cerusmm.

327 234 466 283 Scaph.
495 233 604 281 Quid
621 233 772 272 cemssii
789 246 885 284 opus
903 245 992 271 nam
1004 233 1023 270 ’ἒ

490 287 663 324 Ρήὶῖεπι.
694 287 777 334 Qui
795 286 915 325 malas
933 286 1114 324 oblinam.
1145 286 1217 324 101

108 339 248 389 Scaph.
275 338 367 378 Una
390 340 505 391 oper⁸a
531 341 626 378 ebur
642 347 853 378 atramento
876 339 1116 378 candefacere
1133 352 1221 391 pos-

111 444 253 484 Plzilol.
268 392 425 498 τιΙιιιεεῑξῖᾱιε
453 446 600 485 dictum
632 446 679 485 de
710 453 921 485 atramento
949 453 1065 498 atque
1094 447 1217 484 ebore.

264 500 402 550 Euge!
433 501 576 550 plaudo
594 500 765 551 Scaphae.

110 552 280 590 Philem.
309 553 416 592 Tum
435 562 478 591 tu
496 554 613 604 igitur
631 553 722 592 cedo
740 553 1019 604 purpuriSsum.

439 608 577 656 Scaph.
606 608 648 645 N
649 619 698 644 on
716 607 788 645 do:
821 607 913 645 scita
931 620 969 645 es
987 614 1031 643 tu
1049 604 1220 657 quidem.

108 658 150 696 N
151 658 222 696 ova
235 659 383 709 pietur-:1
393 660 619 711 interpolare
632 660 689 698 vis
703 673 798 711 opus
810 659 1114 710 lepidissumum.
1146 659 1221 696 105

110 711 152 749 N
153 723 202 749 on
230 713 350 773 istunc
380 721 529 751 aetatem
561 720 708 764 oportet
736 714 980 764 pigmentum
1008 713 1134 750 ullum
1163 719 1222 750 at-

110 817 250 869 Neque
261 774 463 881 εἷῗὲξζξω,
479 833 603 872 neque
615 820 818 867 melinum,
834 832 956 871 neque
966 818 1088 858 ullam
1107 818 1223 857 aliam

112 924 216 976 Cape
232 872 576 978 iggffitimszlelelilum.

326 981 470 1019 Philol.
500 980 579 1041 ῌεί
595 980 693 1018 mihi
710 980 868 1020 misero!
902 981 1050 1019 savium
1073 979 1225 1031 speculo

112 1084 241 1124 Nimis
258 1086 373 1125 velim
389 1034 571 1139 lassiedigm,
588 1087 657 1139 qui
675 1099 745 1138 ego
762 1087 821 1125 iffi
838 1085 991 1139 speculo
1008 1086 1223 1125 diminuam

115 1193 254 1243 Scaph.
271 1148 467 1232 ffltteum
485 1207 590 1245 oepe,
611 1202 726 1246 atque
744 1202 896 1244 exterge
914 1193 984 1232 tibi
1001 1205 1151 1231 manus.

520 1249 693 1286 Philem.
721 1247 830 1295 Quid
848 1247 916 1293 ita,
936 1246 1117 1285 obsecro?
1149 1245 1224 1284 110

112 1300 251 1350 Scaph.
280 1300 336 1338 Ut
361 1301 557 1352 speculum
580 1301 750 1349 tenuisti,
773 1308 919 1348 metuo,
944 1312 992 1338 ne
1012 1299 1138 1338 oleant
1160 1312 1222 1337 ar-

271 1362 429 1404 gentum
448 1366 608 1392 manus:

115 1407 178 1445 Ne
202 1419 368 1458 usquam
397 1415 595 1458 argentum
622 1417 660 1446 te
681 1406 865 1459 accepisse
895 1406 1105 1458 suspicetur
1133 1405 1228 1443 Phi-

116 1459 528 1552 Philol.l(1)<l{›‘1³1h?fdeor
545 1514 681 1553 vidisse
698 1515 826 1552 lenam
846 1513 1078 1552 callidiorem
1105 1512 1227 1551 ullam

115 1621 173 1659 Ut
192 1567 458 1711 lepiditaiafflue
476 1628 599 1659 astute
622 1620 663 1658 in
687 1628 858 1659 mentem
876 1620 981 1658 venit
1003 1619 1050 1659 de
1075 1619 1228 1672 speculo

275 1685 315 1710 rn
403 1703 413 1711 .

118 1727 288 1765 Philem.
315 1726 496 1766 Etiamne
513 1727 719 1779 unguentis
736 1726 984 1777 unguendam
1004 1739 1130 1765 censes
1143 1729 1161 1766 Ρ

608 1782 749 1830 Scaph.
777 1780 959 1818 Minume
977 1780 1118 1819 feceris.
1153 1780 1228 1818 115
1249 1777 1261 1797 ‘

122 1833 297 1872 Phile-m.
325 1832 566 1885 Quapropter
579 1837 598 1872 Ρ

379 1887 520 1937 Scaph-
546 1887 651 1934 Quia
667 1887 847 1937 (ecastor)
864 1886 1003 1924 mulier
1020 1894 1118 1925 recte
1135 1887 1226 1935 olet,

491 1941 558 1978 ubi
574 1941 672 1978 nihil
689 1941 779 1979 olet.

124 1993 230 2032 Nam
256 1993 358 2031 istaec
376 2000 532 2041 veteres,
551 2006 638 2045 quae
655 2007 695 2032 se
714 1993 922 2045 unguentis
948 1993 1150 2040 unctitant,
1171 1993 1230 2031 in-

118 2045 504 2147 Vemae’ffiffiae,
523 2112 609 2150 quae
626 2099 716 2138 vitia
733 2099 896 2150 eorporis
912 2099 1000 2138 fuco
1018 2099 1208 2145 occulunt,

124 2152 203 2192 Ubi
220 2165 298 2192 sese
316 2151 429 2191 sudor
446 2164 534 2191 curn
553 2152 759 2204 unguentis
777 2152 1014 2202 consociavit,
1034 2151 1135 2190 illioo
