1435 2400
519 99 714 139 PERSA.
744 100 821 140 IV.
848 104 889 140 9.
1181 101 1258 138 355

131 209 229 245 Toae.
259 207 301 245 Ν
302 218 371 245 11111
389 206 591 258 quidpiam
609 207 715 245 aliud
732 220 795 246 me
814 207 902 246 vis?

687 263 815 299 Dor-d.
850 263 888 300 L
892 270 906 299 t
923 263 1020 300 bene
1037 262 1085 299 sit
1104 261 1188 299 tibi.

127 316 222 352 Tox.
236 313 343 359 Pol,
332 322 429 352 istuc
441 314 625 365 quidem
610 327 693 364 Jam
706 327 775 365 ego
785 327 898 353 omne
908 316 1099 367 usurpabo
1111 263 1241 353 (1011115-
1227 343 1238 353 .

120 368 257 406 Ν8111“
241 381 325 418 Jam
343 368 535 406 inclinabo
553 381 616 406 me
634 380 721 406 cum
740 368 875 406 liberta
894 369 976 407 tua.

359 526 544 567 ACTUS
572 526 649 566 IV.
704 526 891 567 SCENA
919 526 998 564 IX.

303 630 528 669 SATumo.
566 630 842 669 DonnALUs.
881 630 1057 669 Viaco.

117 738 201 776 Sat.
229 736 320 774 Nisi
338 749 407 789 ego
424 737 545 776 illunc
563 738 758 777 hominem
776 737 943 789 perdo.

650 794 777 830 Dora.
805 791 934 830 Perii!

807 847 892 884 Sat.
922 844 1057 896 Atque
1075 849 1233 895 optume

112 897 289 953 Eccum
278 911 406 950 lpsum
424 906 512 937 ante
530 897 656 937 aedeis.

561 953 675 1001 Virg.
703 951 815 991 Salve
832 952 1016 1001 multum,
1036 950 1093 988 mi
1110 958 1229 1002 pater.

112 1006 199 1043 Sat.
226 1004 355 1052 Salve,
374 1017 461 1043 mea
478 1012 606 1056 gnata.

447 1060 573 1096 Dord.
602 1058 705 1098 Hei!
738 1059 854 1097 Persa
872 1071 935 1097 me
952 1056 1226 1110 pessumdedit.

120 1113 235 1162 Virg.
263 1112 380 1150 Pater
397 1111 460 1150 hic
478 1125 587 1151 meus
605 1120 671 1150 est.

296 1166 422 1203 Dord.
455 1166 586 1203 Hem!
618 1165 734 1216 quid.
725 1168 743 1193 ⁹
771 1173 905 1217 pater
895 1168 914 1193 ⁹
942 1165 1038 1217 perii
1054 1164 1196 1218 oppido
1211 1164 1223 1202 !

108 1218 216 1266 Quid
234 1231 304 1270 ego
322 1219 439 1269 igitur
456 1231 557 1258 cesso
572 1219 707 1258 infelix
723 1219 965 1258 lamentarier
1198 1219 1225 1256 5

107 1273 241 1312 Minas
258 1272 486 1324 sexaginta?

430 1329 514 1365 Sat.
541 1324 628 1377 Ego
648 1327 754 1378 (pol)
776 1335 812 1365 te
829 1325 983 1373 fadam,
1000 1325 1137 1374 scelus,

110 1380 170 1419 Te
187 1392 340 1433 quoque
358 1380 473 1418 etiam
490 1380 619 1430 ipsum
638 1389 681 1418 ut
698 1380 926 1419 lamenteris.

831 1434 957 1472 Dord.
987 1432 1148 1472 Occidi!

106 1490 191 1528 Sat.
219 1487 324 1539 Age,
342 1486 526 1526 ambula
515 1499 556 1524 m
571 1487 649 1536 jus,
668 1487 768 1525 leno.

577 1541 704 1579 Dord.
732 1540 840 1588 Quid
857 1553 921 1579 me
938 1541 978 1578 in
992 1541 1057 1589 jus
1075 1551 1208 1578 vooes.
1198 1541 1217 1566 ⁹
1257 1571 1263 1578 ,

105 1597 188 1634 Sat.
207 1570 275 1633 Illi
291 1594 395 1646 apud
412 1602 612 1646 praetorem
631 1594 782 1632 dicam:
813 1593 880 1633 sed
893 1607 962 1646 ego
980 1594 1021 1632 in
1034 1594 1099 1643 jus
1114 1605 1221 1632 voco.

107 1649 234 1689 Dord.
264 1650 406 1688 Nonne
422 1647 644 1686 antoetaris⁹

457 1703 541 1741 Sat.
569 1699 698 1740 Τ11811’
716 1713 786 1753 ego
803 1700 934 1749 081158,
952 1699 1135 1749 mmifex,
1166 1699 1215 1738 10

105 1755 330 1806 Quoiquam
347 1756 499 1794 mortali
516 1755 634 1794 libero
652 1755 776 1793 aureis
793 1763 953 1793 atteram
968 1757 986 1793 ?

106 1810 190 1858 Qui
206 1809 272 1847 hic
290 1809 552 1848 commercaris
569 1809 681 1847 civeis
698 1809 873 1848 homines
889 1809 1045 1847 liberos.

104 1864 234 1902 Dord.
259 1863 351 1902 Sine
368 1862 503 1900 dicam.

375 1917 459 1953 Sat.
488 1915 603 1953 Nolo.

480 1970 608 2007 Dord.
634 1968 756 2007 Audi.

634 2024 719 2061 Sat,
745 2026 842 2062 511111
861 2022 1021 2061 surdus·
1051 2022 1221 2060 ambula.

107 2079 273 2130 Sequere
290 2077 375 2123 hac,
396 2076 551 2115 scelaeta
568 2075 659 2114 feles
677 2076 904 2128 virginariaz

110 2133 276 2183 Sequere
292 2131 379 2178 1180,
396 2143 484 2169 mea.
502 2137 631 2181 gnata,
651 2142 714 2168 me
732 2142 855 2182 usque
873 2129 921 2167 ad
939 2136 1152 2181 p.raetorem

850 2144 965 2233 Virgp.
992 2183 1149 2234 Sequor.
1179 2181 1227 2219 15
