1435 2400
253 16 433 90 BIOES
461 51 799 92 GLORIOSUS.
825 51 886 90 11.
917 53 956 89 2.
1081 50 1156 90 195

46 157 100 196 Ei
115 169 199 206 nos,
217 157 347 196 faoetis
363 158 515 197 fabricis
533 166 571 196 et
587 158 706 196 doctis
723 157 834 207 dolis,

47 210 300 249 Glaucomam
318 213 367 250 ob
385 212 513 250 oculos
530 212 751 260 objiciemus
763 226 774 248 :
805 223 970 262 eumque
988 211 1041 249 ita
1105 211 1157 254 70

46 263 260 310 Facimus,
279 273 337 312 ut,
358 265 461 317 quod
479 265 628 313 viderit,
647 277 725 302 non
742 264 890 302 viderit.

43 316 100 355 Et
116 330 208 356 mox
228 319 294 370 (ne
311 318 456 367 erretis)
476 319 557 357 haec
574 318 737 356 duarum
756 317 869 355 hodie
887 317 1007 356 vioem

46 368 102 408 Et
119 370 183 410 hic
201 380 237 409 et
255 372 332 410 illic
349 372 487 410 muh'er
504 373 598 410 feret
614 372 847 422 imaginem;

42 424 177 475 Atque
195 425 325 463 eadem
346 426 428 473 erit,
444 438 576 464 verum
593 425 669 463 alia
686 438 764 463 &e
781 424 1075 463 assimulabitur.

43 476 108 514 Ita
125 479 353 517 sublinitum
371 480 418 517 'st
436 491 477 517 os
495 479 640 517 custodi
656 478 838 516 mulieris.
1103 478 1155 521 75

43 530 120 568 Sed
137 531 227 570 foris
243 533 459 583 concrepuit
476 533 565 570 hinc
584 545 607 569 a
625 532 748 570 vicino
766 544 865 569 sene.

45 583 136 635 Ipse
153 585 232 623 exit
244 599 257 624 τ
285 586 348 626 hic
365 587 430 625 ille
447 595 504 625 est
520 585 683 637 lepidus,
704 598 821 637 quem
838 584 934 633 dixi,
954 596 1080 623 senex.

296 747 484 787 ACTUS
512 747 572 786 II.
626 745 814 785 SCENA
842 746 905 786 Π.

188 852 664 893 PERIPLECTOMENES.
703 854 1002 892 PALAESTRIO.

41 935 180 1010 Perfp.
197 959 469 1022 Nisifiherde)
482 959 714 1011 defregeritis
727 960 837 1010 talos,
850 960 1007 1012 posthac
1020 972 1156 1012 qum-

42 1026 437 1112 1⁷ideritigu51i¹e1³1um;
468 1080 537 1117 ego
554 1075 678 1105 vostra
695 1067 833 1105 faciam
850 1067 969 1105 latera
983 1067 1098 1105 lorm-

44 1120 148 1158 Mihi
168 1121 323 1181 quidem
348 1122 431 1170 jam
449 1120 583 1158 arbitri
600 1121 713 1159 vicini
740 1128 844 1170 sunt,
863 1133 960 1159 meae
977 1121 1072 1172 quid
1088 1120 1156 1165 fiat

39 1228 102 1266 Ita
119 1241 187 1280 per
201 1175 435 1288 ffissfffium
452 1214 551 1265 {ntro
569 1235 752 1278 spectant.
805 1227 925 1266 Nunc
941 1226 1036 1266 adeo
1049 1226 1155 1266 edico

35 1283 429 1395 Quemqssffi¹ffite
446 1334 518 1373 hoc
536 1334 703 1372 videritis
727 1333 924 1373 hominem
949 1333 991 1371 in
1018 1334 1155 1373 nostns‘

34 1442 159 1480 Extra
177 1389 617 1488 uffiffissfflbnem,
635 1441 713 1479 huc
726 1440 964 1479 detmbatote
982 1441 1023 1478 in
1036 1389 1152 1479 viam5.

37 1496 155 1543 Quod
186 1496 251 1557 ille
273 1496 464 1557 ‘gallinam
496 1503 565 1534 aut
594 1496 812 1533 columbam
841 1507 882 1533 se
910 1494 1057 1542 sectari,
1085 1501 1154 1533 aut

36 1602 166 1651 Dicat,
191 1563 416 1664 ffispefis'tiS,
444 1603 486 1640 ni
511 1615 634 1654 usque
654 1602 705 1641 ad
729 1609 894 1640 mortem
920 1602 1023 1640 male
1048 1601 1153 1640 mul-

35 1710 169 1761 Atque
186 1665 359 1756 §33:13
375 1722 423 1749 ne
441 1709 518 1760 legi
535 1709 709 1748 fraudem
727 1709 867 1748 faciant
887 1709 1069 1757 Talariae,

36 1765 281 1810 Accuratote,
299 1772 344 1801 ut
362 1764 442 1801 sine
460 1763 546 1801 talis
562 1764 667 1801 domi
685 1763 829 1814 agitent
846 1763 1077 1801 convivium.
1103 1763 1152 1800 10

39 1818 132 1855 Pal.
161 1817 415 1868 Nescio-quid
440 1817 685 1855 malefactum
716 1830 741 1854 a
766 1817 893 1855 nostra
921 1817 1011 1855 huic
1039 1816 1152 1854 fami-

198 1870 276 1907 lia’
279 1878 326 1917 st,
347 1878 537 1920 quantum
557 1870 695 1908 audio:

37 1923 102 1962 Ita
118 1923 181 1961 hic
200 1935 314 1962 senex
332 1923 427 1961 talos
445 1923 534 1962 elidi
548 1924 660 1972 jussit
679 1924 864 1962 conservis
881 1922 990 1961 meis.

36 1977 112 2016 Sed
130 1990 193 2015 me
206 1976 365 2027 excepit.
397 1977 522 2014 Nihili
539 1977 650 2024 facio,
670 1977 764 2028 quid
781 1977 856 2015 illis
873 1976 986 2014 faciat
999 1977 1152 2015 caeteris.

36 2030 253 2081 Aggrediar
269 2029 489 2068 hominem:
519 2038 558 2068 et
574 2042 622 2068 en
641 2031 842 2070 advorsum
861 2030 893 2069 it
910 2030 1032 2082 quasi.

35 2082 143 2132 Quid
160 2083 256 2136 agis,
274 2083 597 2135 Periplectomene
611 2085 631 2122 ἓ
